2662 4800
220 382 540 405 mmmm
545 377 1284 403 ΜΜΜΜΜΜΜΜΜΜΜΜΜ

506 586 1016 749 oauflamsrr

368 823 430 892 DE
453 820 822 890 TRAGOEDIARUM
847 820 1136 892 AUCTORIBUS

593 947 905 1017 DISSERTATlO.

627 1148 867 1175 ⁸⁸*-

216 1307 288 1411 Ds
304 1335 530 1427 tragoediarum
546 1333 662 1399 ordine
670 1334 737 1416 jam
750 1334 803 1399 alii
815 1352 968 1427 egerunt,
987 1352 1020 1403 et
1032 1337 1097 1405 hoc
1111 1336 1282 1405 literarum

209 1442 335 1527 judices
349 1443 431 1525 juris
456 1440 519 1505 sibi
541 1463 668 1529 semper
689 1438 916 1526 vindicarunt,
940 1459 979 1507 ut
1001 1443 1092 1532 quod
1110 1445 1230 1513 vellent
1247 1445 1282 1510 in

211 1549 279 1614 istis
297 1564 521 1638 sequerentur.
536 1547 726 1611 Proximum
740 1563 789 1611 est
800 1546 841 1612 de
854 1565 997 1612 auctore.
1014 1552 1058 1613 Ac
1072 1549 1201 1614 Seneooe
1213 1550 1284 1639 qui·

212 1654 289 1721 dem
306 1654 421 1719 Medea
440 1677 458 1717 a
481 1652 600 1734 Fabio,
616 1651 758 1717 Troades
774 1677 793 1716 a
811 1653 936 1735 Pr0bo,
963 1655 1118 1720 Hercules
1136 1655 1283 1721 forense

213 1760 430 1840 Terentiano,
452 1757 648 1845 Hippolytus
669 1781 687 1821 a
712 1758 893 1843 Prisciano‚
917 1759 1075 1848 Thyestes
1095 1782 1114 1824 a
1131 1762 1281 1827 Luctatio

216 1864 304 1953 (sive
316 1866 342 1929 is
359 1880 408 1928 est
420 1862 623 1949 Lactantius)
639 1862 804 1928 tribuitur.
821 1865 890 1929 Nos
905 1881 1053 1929 auctores
1067 1866 1215 1954 quinque
1228 1866 1283 1932 hic

213 1968 378 2050 ridemus,
397 1983 430 2031 et
456 1988 523 2030 uon
548 1964 649 2030 dubie
672 1968 887 2055 agnoscimus.
916 1969 1065 2051 Quarum
1093 1985 1157 2035 tres
1187 1970 1282 2057 istas,

213 2071 374 2153 Troadas,
388 2071 622 2161 Hippolytum,
638 2070 806 2153 Medeam,
822 2073 923 2137 Lucio
940 2077 1064 2140 Annaeo
1083 2075 1279 2147 tribuimus:

214 2201 313 2267 quem
329 2174 567 2264 Philosophum
584 2191 720 2258 vocant,
737 2192 769 2241 et
786 2177 902 2242 vixisse
923 2201 997 2243 cum
1019 2180 1205 2270 Pomponio
1223 2183 1282 2249 se-

214 2281 324 2349 cundo
341 2281 417 2345 satis
434 2297 570 2346 constat.
589 2282 706 2345 Fabius
725 2283 830 2346 Instit.
848 2285 937 2351 Orat.
955 2285 1009 2350 lib.
1024 2286 1124 2368 Vlll,
1149 2310 1218 2376 cap.
1236 2287 1255 2353 3
1272 2313 1281 2354 ι

213 2419 226 2446 a
238 2386 351 2454 Nostri
364 2400 472 2451 autem
484 2385 653 2476 jungendo
665 2403 722 2451 aut
739 2386 914 2453 dividendo
923 2393 1057 2479 paulum
1067 2390 1188 2479 aliquid
1198 2394 1282 2475 ausi,

216 2494 266 2558 vix
281 2494 314 2558 in
327 2491 392 2557 hoc
403 2492 477 2557 satis
492 2492 703 2580 recipiuntur.
718 2494 802 2560 Nam
814 2496 945 2559 memini
950 2498 1077 2577 juvenis
1088 2496 1281 2580 admodum,

214 2616 299 2664 mter
309 2598 527 2687 Pomponium
539 2614 571 2661 et
589 2598 744 2663 Senecam
761 2601 857 2664 etiam
872 2602 1114 2688 praefationibus
1133 2626 1203 2669 esse
1216 2620 1282 2669 tra-

215 2701 553 2792 etatum,an«gradus
569 2703 736 2767 eliminat»
753 2703 839 2795 apud
855 2705 981 2769 Attium
998 2707 1032 2770 in
1051 2709 1202 2799 tragoedia
1215 2707 1281 2775 diei

215 2810 440 2898 oportuisset.»
454 2808 544 2870 Duos
559 2829 633 2872 ecce
645 2808 706 2873 hos
718 2809 853 2901 tragicos
871 2808 1050 2900 conjungit.
1067 2813 1109 2876 Et
1121 2814 1197 2879 hino
1207 2830 1280 2881 orta

215 2913 256 2979 de
272 2912 391 2978 decoro
411 2928 514 2994 λιιτιιῷ
536 2912 569 2975 in
595 2914 746 3003 tragoedia
768 2915 918 2982 volitatio.
946 2918 1058 2983 Latine
1084 2919 1169 2981 enim
1195 2920 1277 3003 dici,

215 3034 289 3108 post
303 3018 473 3083 Horatium
488 3018 562 3106 quis
577 3018 762 3085 dubitaret?
773 3022 905 3111 (Horat.
917 3025 974 3112 Ep.
986 3026 1013 3107 1,
1023 3024 1053 3106 5,
1065 3023 1131 3109 26.)
1150 3025 1276 3091 Scimus

216 3143 249 3191 et
257 3124 434 3190 Pacuvium
447 3145 483 3188 ea
493 3146 573 3188 voce
588 3147 685 3188 usum
697 3126 802 3190 luisse.
816 3128 858 3191 Et
870 3128 959 3216 quod
971 3128 1142 3218 Euripides
1153 3128 1277 3197 dixerat

214 3229 329 3296 Medea
343 3252 351 3294 :

352 3349 459 3399 Παλαιὸν
477 3348 546 3400 eleos
564 3351 649 3414 ιιιῆμιι
666 3339 797 3408 transisse
814 3352 892 3420 ἐμῆς,

351 3443 381 3495 Τί
392 3443 563 3511 repleuimus
577 3435 648 3496 rsisd’
661 3439 746 3511 dysoo'
758 3443 858 3514 ἐρημίαν

350 3525 464 3599 dmum

214 3679 284 3741 lloc
300 3674 425 3738 Ennius
441 3688 596 3755 verterat,

350 3812 464 3886 Antiqua
477 3811 568 3867 herilis
578 3812 632 3867 lida
643 3826 731 3868 custos
742 3816 877 3888 eorporis,

350 3898 424 3966 Quid
433 3900 472 3955 uio
484 3901 637 3956 extrudet
651 3913 677 3955 te
690 3903 840 3957 exanimato
852 3904 993 3960 eliminas?
