2662 4800
301 462 305 468 ,
377 389 509 458 novr
533 389 797 465 nurroars.
1081 405 1115 501 xj

51 546 137 622 quae
163 522 220 594 rel
246 524 376 593 Noster
400 523 561 595 imitatus
587 538 660 613 est,
681 525 739 596 rel
768 546 812 599 ex
840 528 903 601 illo
930 529 1120 634 desumpta

51 660 158 734 sunt,
173 645 231 717 rel
255 647 463 716 communia
483 666 565 717 cnm
587 645 651 717 illo
678 648 835 745 antiquis
853 664 889 721 et
912 658 1119 729 recentiori·

51 768 125 841 bus
143 769 260 868 poetis
277 765 391 839 fuere.

103 893 341 988 Priusquam
368 888 414 960 de
443 891 674 978 recensione,
698 889 798 988 quod
828 897 1049 995 praecipuum
1079 903 1118 974 iu

51 1029 183 1088 nostro
200 1013 324 1086 labore
346 1011 435 1101 fuit,
454 1011 644 1101 disseram,
666 1013 843 1112 paneade
861 1017 949 1091 locis
965 1021 1008 1092 ad
1023 1044 1120 1096 com·

52 1139 281 1237 parationem
298 1136 430 1224 allatis,
444 1150 479 1207 et
492 1134 537 1206 de
547 1149 724 1234 perpetua
737 1158 852 1236 prope
861 1144 1120 1218 sententiarum

52 1262 373 1361 interpretatione,
392 1260 619 1357 praemittam.
636 1263 729 1330 Sunt
745 1261 842 1332 enim
860 1267 924 1361 qui
941 1267 1043 1338 istius
1061 1293 1121 1367 ge-

53 1385 153 1457 neris
165 1406 289 1457 euram
303 1406 379 1456 nou
390 1385 564 1455 omittunt
576 1381 693 1453 solum
706 1436 716 1468 ,
730 1380 793 1453 sed
812 1398 849 1455 et
864 1398 1123 1480 contemnunt,

55 1528 141 1595 uec,
165 1504 264 1576 salva
284 1504 488 1605 philologiae
509 1500 702 1600 dignitate,
731 1505 864 1603 suscipi
890 1522 994 1604 posse
1025 1508 1122 1583 arbi·

56 1639 210 1696 trautur.
238 1628 313 1724 Ego
333 1640 458 1697 contra
481 1647 562 1697 cum
587 1625 802 1723 gravissimis·
823 1627 907 1699 viris
925 1633 1123 1707 existimavi

61 1747 154 1818 haud
173 1748 365 1820 mediocris
382 1745 585 1844 legentibus
604 1744 803 1842 adjumenti
826 1747 904 1823 lore
927 1750 1023 1826 hanc
1042 1778 1123 1828 sen·

64 1872 253 1942 sentiarum
273 1872 433 1968 copiam,
451 1894 495 1941 ex
513 1871 655 1966 graecis,
675 1870 793 1941 latinis
814 1886 849 1943 et
866 1875 1050 1948 interdum
1068 1902 1126 1951 re·

69 1993 279 2065 cautioribus
304 1992 540 2092 scriptoribus
571 1994 799 2082 accersitam,
827 1996 961 2094 quibus
989 2013 1051 2072 aut
1076 2001 1123 2075 ab

73 2119 354 2213 tnuaeopressius
366 2117 498 2212 scripta
510 2114 815 2213 explicantur,aut
828 2133 999 2215 usurpata
1012 2122 1122 2219 paulo

75 2235 275 2310 insolentius
288 2237 400 2310 rerba
417 2237 462 2309 ad
481 2236 599 2309 latinae
622 2235 729 2308 fidem
750 2239 933 2337 elegantiis
948 2266 1121 2317 revocan-

78 2372 139 2431 tur:
154 2361 253 2460 quod
270 2361 416 2459 quidem
434 2365 470 2430 in
489 2385 534 2432 eo
552 2363 745 2458 praesertim
760 2361 981 2460 perlegendo
995 2379 1121 2464 aptum

79 2482 149 2555 mihi
168 2484 327 2571 ridetur,
346 2485 411 2582 qui
429 2496 607 2580 corruptas
631 2496 710 2553 tum
734 2483 938 2574 literarum,
957 2502 1036 2558 tum
1054 2490 1121 2560 tin

80 2624 140 2698 gua
156 2607 274 2679 latinae
292 2605 510 2678 salubritatis
530 2622 605 2676 non
625 2605 724 2675 testis
741 2604 868 2695 modo,
886 2605 949 2678 sed
970 2632 1037 2706 pro
1056 2633 1121 2684 sua

80 2743 160 2824 pute
186 2746 313 2803 auctor
339 2731 494 2817 exstitit,
519 2743 556 2800 et
583 2730 739 2800 melioris
770 2734 882 2801 atatis
908 2731 1055 2804 inventa
1084 2746 1122 2809 et

78 2872 277 2942 termonem,
300 2851 388 2925 dnm
413 2852 628 2941 imitaretur,
647 2849 871 2951 depravavit,
890 2864 929 2923 et
949 2855 987 2923 in
1012 2872 1120 2927 suum

77 2974 216 3048 colorem
237 2976 355 3046 traxit.
373 2974 487 3045 Multa
507 2996 656 3072 quoque
681 2996 726 3046 ex
749 2979 893 3046 Senecae
912 2974 1120 3078 philosophi

74 3097 230 3194 operibus
259 3122 336 3169 non
368 3098 446 3168 sine
472 3096 644 3194 peculiari
674 3096 826 3168 consilio
854 3097 976 3184 attuli,
1000 3124 1119 3197 quum
1159 3107 1168 3123 '

72 3221 160 3293 nullo
180 3221 316 3316 majore
339 3233 552 3318 argumento
578 3218 770 3317 approbari
791 3223 904 3318 possit
926 3244 1035 3317 quam
1061 3224 1117 3295 in·

68 3342 173 3436 genii,
188 3341 380 3429 doctrinae,
395 3340 637 3427 locutionum,
655 3339 851 3412 verborum
865 3342 1119 3432 similitudine,

66 3488 172 3536 unum
191 3479 229 3537 et
245 3461 432 3548 eumdem,
453 3462 555 3559 quod
573 3461 663 3533 mihi
680 3461 833 3550 videtur,
863 3464 1117 3562 tragoediarum

64 3601 97 3657 et
130 3585 362 3686 epistolamrn
397 3582 728 3683 philosophicarum
769 3600 955 3657 auctorem
994 3587 1114 3663 fuisse.

61 3711 288 3809 (Quanquam
298 3732 373 3780 uon
383 3706 581 3781 omittenda
596 3706 750 3803 judicavi
766 3732 848 3806 quae
867 3709 912 3781 de
929 3711 1119 3808 tragoedia«

58 3854 135 3906 mm
153 3847 301 3907 auctore
323 3832 501 3932 praecipua
525 3836 656 3930 scripta
678 3846 781 3919 sunt,
810 3832 939 3930 lipsii,
960 3837 1120 3927 Heiusii,

58 3958 205 4029 Pontaui
237 3957 534 4040 Dissertatioues‚
559 3969 595 4026 et
629 3956 819 4053 inprimis
852 3955 1049 4030 Klotzscltii
1079 3972 1118 4032 et

953 4082 995 4140 αἱ
