2662 4800
285 340 385 409 UNO
410 337 783 406 TRAGOEDIARUM
810 337 1037 407 AUCTORE.
1152 337 1199 434 liij

125 459 269 526 dubitari
298 459 397 522 etiarn
424 457 545 545 possit,
574 478 614 519 an
645 454 687 520 de
719 457 850 520 Lucano
880 474 976 547 poeta
1005 459 1204 548 cogitaverit.

126 566 267 632 Videtur
294 581 403 629 tamen
436 561 637 627 Gallicanam
666 584 811 651 pugnam
837 584 966 629 vocasse
995 562 1054 628 hoc
1083 566 1205 632 Lucani

126 675 251 740 bellum
275 672 386 753 civile,
409 686 447 734 ut
469 669 503 733 in
533 669 602 750 ejus
625 669 769 734 carmine
791 668 923 733 heroico
938 671 1060 760 pingue
1076 670 1157 737 illud
1174 688 1208 738 et

128 779 339 870 peregrinum
357 791 503 856 notaret,
521 771 612 863 quod
631 773 665 836 in
684 774 848 862 prioribus
864 774 970 863 poetis
985 776 1207 843 Cordubensi-

131 887 192 951 bus
208 884 290 949 olim
305 904 457 947 romanas
473 904 568 945 aures
585 879 753 944 offendere
768 880 900 944 solebat.
918 880 987 945 Nec
1004 882 1122 947 mirum
1141 901 1207 968 est,

133 1013 203 1074 eos,
223 989 346 1079 quibus
363 982 424 1077 ipsi
444 986 535 1051 Plato
558 1002 591 1050 et
609 984 780 1074 Euripides
799 986 867 1066 jam
887 988 956 1050 fere
974 986 1103 1052 barbari
1116 989 1207 1054 vide·

133 1112 256 1178 rentur,
274 1096 309 1158 in
322 1091 511 1158 Pharsalicis
528 1090 650 1156 Lucani
664 1091 915 1181 Transalpinam
929 1090 1104 1179 quemdam
1118 1111 1208 1159 vete·

132 1225 204 1266 rum
227 1200 397 1265 Gallorum
420 1192 539 1262 sonum
557 1195 831 1261 animadvertisse.
854 1196 919 1261 Sed
937 1197 1091 1263 Martialis
1112 1201 1207 1264 etiam

133 1309 284 1397 ambigua
303 1323 353 1371 est
375 1305 493 1369 illator
514 1303 711 1367 numeranda
732 1303 842 1367 domus
862 1303 949 1367 docti
967 1302 1103 1370 Seneca.
1126 1306 1210 1370 Nam

137 1434 166 1480 et
180 1417 251 1504 ipsa
268 1414 386 1479 domus
405 1413 535 1501 praealta
552 1411 686 1501 intelligi
706 1428 832 1499 potest,
850 1426 888 1474 ut
908 1412 1022 1500 triplex
1040 1413 1213 1502 palatium,

137 1519 224 1607 quod
238 1517 370 1582 tandem
383 1514 559 1605 aliquando
575 1516 645 1579 viro
658 1514 757 1579 docto
769 1514 906 1604 dignum
920 1516 979 1597 sit,
990 1516 1214 1607 Pisonumque

138 1626 222 1690 atriis
256 1620 539 1711 aequiparandum,
566 1636 598 1684 et
623 1637 688 1685 tres
714 1617 770 1684 filii
799 1620 918 1702 Marci,
943 1621 1214 1704 rhetorisdocti,

139 1743 353 1818 prepotentes
383 1726 418 1789 in
447 1726 519 1790 aula
547 1725 699 1790 Neronis.
729 1727 835 1790 Immo
864 1748 980 1812 parum
1008 1748 1086 1791 vero
1111 1728 1215 1792 simile

138 1835 284 1901 videatur
306 1832 486 1897 Martialem
509 1830 550 1896 de
570 1830 718 1895 Gallione
741 1847 774 1894 et
798 1831 884 1895 Mela
909 1831 1020 1919 potius
1042 1832 1215 1921 cogitasse,

140 1964 233 2030 quam
254 1937 298 2003 de
316 1937 461 2002 Lucano.
479 1935 577 2018 lude,
596 1937 622 1999 si
642 1935 858 2026 intelligamus
879 1937 1054 2024 scriptores
1071 1938 1215 2021 nobiles,

141 2048 259 2113 rectius
272 2046 352 2109 duos
364 2045 497 2110 &necas
510 2049 696 2133 unicumque
709 2044 874 2109 Lucanum
889 2044 1134 2110 subaudiamus.
1150 2046 1215 2111 Sed

141 2176 250 2218 rursus
273 2149 391 2215 deinde
411 2149 580 2213 dubitatur
604 2147 645 2213 de
666 2148 788 2213 duobus
812 2149 943 2212 Senecis
967 2149 1046 2233 illis,
1072 2174 1214 2239 quorum

141 2259 228 2339 alter,
243 2255 385 2321 Neronis
400 2271 588 2343 preceptor,
602 2270 786 2343 praepotens
799 2253 933 2342 quidem
947 2255 1011 2319 fuit
1023 2254 1216 2343 aliquando,

140 2366 201 2447 sic,
216 2378 257 2428 ut
271 2363 370 2425 tanai
387 2364 490 2448 regnas
505 2382 603 2424 nemo
616 2359 709 2424 facile
719 2359 870 2449 prasenti
882 2375 1007 2448 posset,
1027 2360 1084 2426 sed
1098 2363 1216 2427 frustra

140 2470 317 2557 quaerimus
346 2467 483 2531 alterum
514 2464 608 2530 illum
636 2464 792 2529 Senecam
820 2487 912 2552 aeque
940 2481 1129 2553 potentem,
1154 2466 1217 2531 nisi

137 2572 334 2664 Apollinaris
354 2570 479 2634 Sidonii
499 2584 628 2658 poetam
649 2568 823 2657 tragicum,
841 2590 940 2655 quem
959 2569 1066 2633 omnis
1082 2569 1217 2637 historia

138 2695 239 2758 tacet,
253 2679 288 2742 in
301 2676 486 2741 societatem
500 2675 587 2739 illam
599 2697 811 2740 assumamus.
828 2675 911 2757 Quis
925 2674 1026 2764 igitur
1036 2693 1217 2764 poetarum,

136 2784 173 2849 in
191 2785 315 2873 quibus
333 2782 443 2846 omnia
463 2782 530 2847 sere
547 2781 700 2870 ambigue
720 2798 754 2846 et
774 2780 914 2846 obscure
935 2779 1020 2846 dicta
1039 2799 1133 2866 sunt,
1151 2785 1217 2850 sola

96 2876 102 2889 ⁶
137 2890 335 2955 auctoritate
369 2887 507 2969 ductus,
537 2887 722 2952 testimonia
755 2904 901 2951 veterum
930 2888 1216 2975 grammaticorum

139 3013 241 3084 atque
257 2991 356 3057 fidem
372 2992 532 3057 librorum
547 2994 743 3082 scriptorum
756 2991 952 3082 impugnet?
968 2994 1095 3083 Nempe
1111 3009 1144 3060 et
1155 2996 1219 3061 hoc

141 3116 193 3165 est
204 3098 332 3165 arbitrii
345 3098 466 3180 nostri,
484 3096 574 3185 quod
590 3112 640 3162 ter
650 3098 880 3163 numerandam
890 3098 1021 3161 domum
1032 3098 1120 3164 docti
1134 3100 1219 3166 illius

144 3206 275 3271 Senecas
304 3203 540 3293 conjungamus
572 3226 648 3267 cum
682 3203 758 3268 viris
788 3225 871 3291 quos
893 3201 1048 3293 servanda
1081 3204 1224 3295 loquitur

151 3310 313 3392 Corduba,
338 3326 376 3375 ut
400 3308 481 3374 alter
501 3310 595 3374 locus
621 3308 880 3397 interpretationi
903 3308 1034 3375 alterius
1059 3310 1221 3377 inserviat.

147 3418 221 3483 Nou
247 3415 389 3481 enimin
409 3430 552 3502 utroque
572 3436 679 3477 sermo
697 3430 746 3478 est
763 3412 805 3478 de
823 3413 915 3478 claris
936 3413 1169 3503 scriptoribus,
1185 3439 1223 3481 ac

150 3545 189 3587 ne
203 3522 246 3587 de
261 3522 338 3585 viris
355 3518 500 3608 quidem.
523 3520 608 3585 Sunt
625 3519 734 3610 igitur,
755 3519 813 3608 qui
829 3541 1006 3585 numerum
1023 3521 1224 3604 ternarium,

152 3629 250 3715 poetis
272 3643 305 3692 et
322 3626 356 3690 in
375 3625 486 3715 primis
506 3625 645 3690 Martiali
668 3626 864 3708 solemnem,
887 3625 999 3715 pietati
1022 3646 1096 3714 erga
1117 3648 1222 3691 unum

156 3730 304 3797 Senecam
321 3731 555 3820 philosophum
573 3731 735 3812 tribuant,
753 3754 851 3819 quam
869 3749 963 3822 poeta
985 3731 1081 3794 Pollae
1097 3731 1221 3821 Argeu-

159 3839 255 3914 tariae,
277 3836 384 3901 viduae
404 3837 526 3901 Lucani
552 3835 660 3901 adhuc
674 3837 866 3926 superstiti,
884 3836 1051 3901 ¹declarare
1072 3837 1221 3903 voluerit.

160 3939 192 4003 ln
214 3941 344 4007 duobus
366 3958 475 4006 autem
503 3941 632 4007 Senecis
653 3942 730 4021 illis,
755 3942 876 4030 quibus
899 3943 1030 4006 tertium
1054 3941 1223 4008 Lamnum
