2662 4800
222 335 282 431 xlij
352 338 382 404 J.
406 336 459 404 lS.
478 334 678 405 PONTANI
703 335 766 403 DE
790 333 863 403 lllS
886 334 1164 407 TRAGOEDIIS

221 457 349 526 Pollam
375 458 604 546 Argentariam
629 454 845 519 charissimam
874 476 1003 520 uxorem
1033 473 1137 523 vocat.
1162 458 1287 523 Verum

219 562 318 644 illud,
335 562 393 652 qui
406 562 516 625 locum
529 560 663 649 propius
679 559 845 648 inspiciet,
862 582 929 623 non
942 560 1008 643 sui,
1027 561 1084 627 sed
1096 562 1218 628 Lucam
1235 587 1288 630 re·

219 684 332 759 spectu
358 667 475 731 dixisse
499 664 669 753 Papinium
698 664 860 729 inveniet:
886 682 924 729 ut
950 667 1118 748 omittam,
1134 669 1289 759 refragari

218 777 327 864 ipsum
343 770 596 852 Genethliacon,
618 792 658 833 ex
673 793 741 857 quo
762 770 844 833 nihil
867 770 929 833 tale
952 772 1137 861 exsculpas3
1165 790 1237 838 tum
1256 794 1290 839 et

217 902 347 947 carmen
363 875 507 958 ejusdem
527 876 669 964 Papinii,
687 875 780 963 quod
798 877 946 965 sequitur
960 876 1044 941 libro
1061 880 1129 962 Ill,
1143 879 1185 944 ad
1203 903 1290 945 uxo·

216 1008 285 1051 rem
303 1006 394 1049 suam
411 980 594 1063 Claudiam,
620 1004 687 1069 quo
704 1004 776 1046 eam
788 1004 828 1046 ex
839 982 921 1046 urbe
936 982 1122 1072 Neapolim,
1132 1003 1290 1076 vergente

211 1095 277 1176 jam
295 1092 329 1155 in
344 1090 472 1156 senium
487 1104 590 1170 atate,
602 1088 726 1153 invitat.
745 1088 849 1153 Porro
865 1088 992 1154 Sidonii
1009 1089 1107 1156 iidem
1124 1091 1288 1181 interpre-

214 1216 283 1281 tes,
300 1220 368 1286 quo
392 1195 462 1275 ejus
482 1194 524 1259 de
546 1194 667 1258 Seneca
690 1193 892 1284 Philosopho
914 1210 948 1258 et
968 1196 1126 1286 Tragico,
1151 1197 1290 1263 diversis

214 1302 307 1391 quasi
324 1299 534 1378 auctoribus,
559 1297 752 1361 sententiam
773 1297 978 1382 suffulciant,
994 1299 1056 1365 hos
1071 1324 1206 1391 quoque
1223 1302 1291 1367 Va·

76 1482 83 1489 ,
214 1408 282 1472 lerii
296 1406 450 1472 Martialis
468 1403 516 1467 tui
533 1402 708 1467 versiculos
727 1402 920 1469 adducunt:

352 1558 479 1629 Duosque
492 1555 605 1609 &necas
620 1555 784 1629 unicumque
798 1556 938 1611 Lucanam

407 1641 534 1696 Facunda
546 1642 665 1714 loquitur
678 1642 812 1697 Corduba.

215 1812 302 1876 Duos
309 1809 397 1874 enim
407 1806 453 1871 ibi
460 1807 594 1872 Senecas
606 1805 843 1894 Philosophum
854 1808 971 1872 volunt
977 1830 1047 1873 esse
1057 1826 1090 1876 et
1098 1810 1286 1899 Tragicum.

213 1917 336 1980 Verum
348 1936 420 1995 nos,
434 1936 502 1977 rem
516 1913 624 2001 potius
638 1929 672 1977 et
680 1929 829 1977 auctores
839 1962 848 1996 ,
858 1937 943 2002 quos
955 1938 1052 2006 supra
1067 1914 1286 2000 laudavimus,

214 2019 338 2098 secuti,
363 2017 618 2106 haudquaquam
653 2016 840 2084 dubitamus
869 2019 1007 2085 Martiali
1040 2020 1095 2086 hic
1127 2022 1286 2088 Senecam

214 2144 359 2217 patrem,
373 2147 472 2213 quem
490 2123 668 2188 Rhetorem
687 2122 849 2208 diximus,
871 2141 905 2190 et
925 2125 1030 2191 filium
1044 2126 1285 2218 Philosophum
1304 2134 1308 2145 “

215 2233 404 2297 intellectos.
424 2229 660 2318 Philosophum
676 2231 830 2319 inquam,
848 2233 956 2319 quiet
973 2233 1128 2322 Tragicus
1145 2235 1204 2316 sit,
1221 2257 1285 2299 au·

215 2354 287 2404 ctor
311 2334 538 2427 tragaediarum
566 2335 711 2418 Medeae,
744 2337 924 2419 Troadum,
957 2338 1102 2403 Herculis
1115 2338 1284 2427 sumatis,

214 2441 379 2533 Hippolyti
401 2459 435 2507 et
463 2441 626 2526 Thyestis,
649 2458 681 2506 ot
703 2442 806 2524 adde,
831 2444 859 2507 si
883 2443 982 2526 libet,
1011 2444 1155 2534 oedipo
1181 2468 1282 2535 quam

213 2566 317 2616 actam
333 2572 353 2612 a
368 2550 500 2615 Nerone
514 2565 631 2638 praeter
646 2549 673 2612 F
674 2564 822 2614 urentem
839 2565 872 2613 et
887 2550 1082 2638 Thyestem,
1099 2567 1215 2616 auctor
1233 2570 1285 2618 est

213 2655 551 2744 Dionis'Xiphilinus:
569 2654 690 2741 etquis
713 2653 855 2742 ambigat
874 2656 1088 2742 compositam
1105 2657 1283 2745 aliquando

213 2763 255 2829 ab
279 2762 351 2852 ipso
378 2762 520 2845 Seneca,
537 2774 726 2850 postquam,
748 2778 787 2825 ut
811 2762 943 2826 Tacitus
969 2761 1067 2827 habet
1092 2764 1176 2828 libro
1200 2765 1283 2829 xlv

214 2868 408 2952 Annalium,
435 2889 527 2931 amor
549 2867 677 2931 Neroni
696 2868 874 2931 torinicum
896 2870 1063 2933 venunt?
1098 2870 1141 2934 Et
1161 2870 1283 2935 Fabius

215 2971 436 3057 Quintilianus
446 3020 456 3056 ,
467 2973 542 3037 licet
550 3020 560 3055 ,
569 2988 714 3060 utsupra
726 2971 975 3055 estimlicatum,
987 2973 1116 3040 Seneca
1129 2974 1282 3042 Medeam

212 3080 344 3160 tribuat,
361 3101 422 3144 nec
434 3078 544 3167 plures
562 3078 725 3158 nominet,
738 3077 885 3165 agnoscit
900 3078 1115 3143 nihilominus
1128 3079 1213 3145 libro
1230 3083 1282 3160 X,

213 3182 304 3273 quod
316 3200 350 3249 et
364 3204 462 3271 supra
476 3181 661 3263 innuimus,
682 3181 740 3246 ubi
754 3204 892 3270 operum
907 3182 1038 3249 &necas
1050 3184 1143 3272 quasi
1158 3186 1282 3251 catalo-

211 3312 290 3379 gum
308 3287 397 3368 texit,
408 3284 553 3366 ejusdem
567 3285 712 3349 similiter
723 3301 888 3373 poemata3
903 3287 1207 3354 Controversiarum
1221 3313 1283 3356 au·

211 3411 325 3460 temet
340 3392 575 3472 suasoriarum,
584 3413 669 3479 quae,
684 3406 722 3454 ut
736 3408 811 3455 ante
828 3395 1166 3478 ostensum,rhctoris,
1181 3394 1215 3459 id
1231 3412 1282 3461 est

211 3500 327 3589 patris,
351 3519 417 3561 non
447 3494 522 3576 filii,
546 3512 642 3579 sunt,
666 3494 783 3560 eodem
810 3496 843 3559 in
873 3519 973 3563 censu
1001 3523 1163 3588 nusquam
1191 3500 1280 3566 idem

210 3604 329 3670 Fabius
348 3602 507 3666 meminit.
524 3601 622 3665 Extra
635 3617 744 3666 tamen
762 3600 927 3684 ordinem,
941 3604 1024 3667 libro
1039 3604 1195 3669 nimirum
1214 3607 1280 3689 lX,

208 3710 467 3778 Controversiam
478 3732 518 3774 ex
534 3709 572 3773 iis
584 3730 683 3773 unam
698 3710 792 3791 citat,
809 3726 843 3774 ct
856 3710 1011 3775 Senecam
1023 3713 1094 3777 sine
1108 3713 1177 3779 ullo
1192 3734 1280 3803 pmc-

207 3816 355 3893 nomine‚
373 3830 430 3882 aut
442 3817 506 3882 alio
523 3816 669 3882 ulteriori
682 3812 880 3898 discrimine,
889 3818 982 3905 quasi
1000 3819 1034 3882 in
1049 3840 1086 3885 re
1105 3836 1183 3884 nota
1201 3821 1277 3887 satis

206 3940 291 3990 esset
320 3922 561 4011 Controversia
587 3944 709 3986 nomen
732 3922 901 4010 posuisse,
926 3940 1094 3987 auctorem
1123 3925 1275 3990 celebrat.
