2662 4800
445 372 748 443 mssaa'rano.
845 379 850 392 ·
1013 374 1121 468 xxxiij

56 492 90 555 in
120 487 263 554 Hercule
286 489 415 553 furente
437 491 621 573 lunonem,
646 493 680 555 in
706 493 844 580 Thyeste
869 495 1065 577 Tantalum,
1088 497 1122 560 in

55 595 253 685 cognomine
268 592 491 683 OEdipodem,
506 595 540 658 in
558 580 801 686 Agamemnone
815 598 992 686 Thyesten.
1004 601 1123 665 Lucius

55 701 95 765 ab
111 701 243 764 actione
261 722 389 788 semper
403 699 583 782 inchoavit,
596 717 628 766 et
643 703 830 792 simpliciter
845 711 975 768 statuta.
988 706 1124 770 Hecuba

57 805 236 887 etMedsa,
252 821 291 870 ut
305 804 340 868 in
361 804 484 886 medio,
501 806 696 871 calamitates
713 830 787 872 suas
808 820 923 889 lucete<
942 809 1120 899 deplorant

57 912 132 976 flac
146 933 187 975 ex
199 925 310 999 parte,
323 909 375 974 illa
386 933 535 998 prorsus,
549 910 630 1000 quid
645 912 795 978 futurum
811 915 869 994 sit,
886 914 1022 1003 ignorat.
1039 916 1120 1004 Hip-

59 1016 188 1104 polytus
204 1039 223 1079 a
238 1015 410 1079 venatione
425 1015 591 1081 inchoavit
605 1033 638 1081 et
655 1039 792 1111 suorum
809 1017 1055 1103 adhortatione3
1071 1018 1122 1083 id·

9 1194 11 1211 Ι
60 1144 120 1211 que
138 1120 255 1188 eodem
277 1138 403 1203 metro,
432 1145 498 1210 quo
518 1124 616 1187 Rhesi
638 1140 762 1189 auctor.
781 1126 855 1208 Qua
872 1125 1026 1214 tragoedia
1047 1143 1122 1215 post
1176 1114 1182 1121 ⁸

9 1216 12 1297 l
62 1226 250 1316 Sophoclem
267 1227 355 1318 nulla
368 1244 470 1292 exstat
483 1229 748 1296 consummatior.
764 1230 843 1294 Eam
858 1253 919 1295 nos
933 1253 1037 1318 quum
1052 1246 1122 1295 stu·

64 1330 146 1396 diosc
157 1333 350 1420 legeremus,
363 1355 470 1420 neque
482 1333 660 1421 quidquam
672 1336 780 1399 minus
791 1358 890 1423 quam
904 1336 1122 1400 humilitatem

66 1452 92 1501 et
100 1438 294 1503 rhetoricam
303 1438 465 1526 Euripidis
474 1440 684 1505 subtilitatem
693 1488 703 1522 ,
711 1439 769 1504 sed
778 1463 839 1505 nec
851 1441 1121 1529 simplicissimam

69 1544 203 1636 AEschyli
227 1547 446 1612 austeritatem
469 1563 503 1612 et
527 1548 776 1613 translationum
799 1547 988 1631 audaciam,
1012 1571 1121 1637 neque

72 1653 325 1740 compositionem
341 1652 555 1740 Sophocleum
573 1670 606 1719 et
621 1654 776 1719 orationis
793 1653 1017 1736 difficultates,
1034 1677 1121 1719 oeco·

73 1757 197 1821 nomiam
214 1773 324 1822 autem
338 1758 436 1847 longe
447 1759 488 1822 ab
503 1782 542 1823 eo
560 1758 717 1824 diversam
731 1759 926 1837 videremus,
938 1782 1119 1846 numquam

74 1858 293 1943 dubitavimus,
310 1862 390 1949 quin
406 1879 541 1949 quartus
559 1864 673 1951 aliquis
688 1863 883 1953 quarendus⁴
894 1881 977 1928 esset
992 1881 1117 1929 auctor.

76 1966 163 2047 Quem
179 1990 219 2032 ex
232 1967 346 2032 intima
360 1968 549 2055 antiquitate
566 1968 696 2033 tandem
711 1970 872 2051 eruimus,
886 1986 919 2034 et
935 1970 1119 2035 certissimis

77 2071 200 2158 indiciis,
226 2076 299 2163 quis
321 2089 425 2156 esset,
456 2076 489 2138 in
509 2077 792 2165 grammaticorum
815 2077 904 2141 libris
924 2077 1119 2143 invenimus.

75 2178 123 2262 Qui
136 2201 227 2244 error
246 2179 290 2243 ita
308 2195 357 2244 est
372 2180 544 2267 antiquus,
572 2195 610 2244 ut
628 2182 661 2244 in
678 2182 791 2269 priscis
814 2181 1010 2248 Criticorum
1033 2198 1118 2246 cata·

75 2279 136 2372 logis
150 2283 299 2373 Euripidi
312 2284 556 2352 adscriberetur.
583 2285 672 2350 Adeo
687 2289 803 2369 refert,
827 2310 894 2376 quo
910 2288 983 2376 quis
1000 2287 1041 2352 ad
1058 2288 1118 2353 ista

71 2385 171 2465 jndicio
186 2387 327 2455 accedat.
339 2390 459 2454 Lucius
470 2389 609 2455 libenter
622 2393 733 2457 oculos
749 2409 906 2475 moratur,
923 2410 956 2459 et
972 2394 1005 2457 in
1019 2376 1114 2458 scena

73 2496 155 2561 multa
165 2511 382 2585 representat.
393 2495 523 2578 Medea,
536 2515 649 2560 contra
659 2497 761 2563 Flacci
776 2514 981 2587 praeceptum,
996 2498 1116 2563 liberos

71 2617 179 2686 aperte,
204 2617 293 2665 certe
320 2601 474 2676 alterum,
502 2599 659 2667 trucidat:
684 2601 821 2665 alterum
845 2620 953 2667 autem
981 2601 1022 2667 ad
1054 2603 1116 2666 mi·

69 2705 179 2770 nimum
199 2722 276 2794 post
296 2705 416 2770 caedem
441 2705 593 2787 ostendit.
618 2708 657 2771 ln
683 2706 864 2773 Troadibus
885 2709 980 2773 matri
1005 2726 1114 2774 coram

66 2811 178 2898 populo
192 2810 328 2899 eripitur
343 2813 514 2899 Astyanax.
540 2811 579 2874 ln
596 2812 775 2901 Hippolyto
791 2836 924 2878 manum
942 2814 1003 2879 sihi
1020 2815 1117 2880 infert

63 2914 185 2980 Phaedra
200 2940 208 2981 :
225 2916 321 2981 heros
337 2932 446 2981 autem
460 2917 525 2997 jam
541 2915 684 2983 divulsus
703 2919 883 2985 exhibetur.
897 2920 1027 2984 Marcus
1044 2921 1116 3010 plu·

62 3021 173 3086 rimurn
191 3021 339 3086 oratione
364 3020 562 3111 defungitur.
587 3023 625 3085 In
651 3023 814 3112 Thyeste,
840 3025 873 3089 in
899 3025 1052 3114 OEdipo,
1079 3027 1114 3090 in

58 3130 312 3216 Agamemnone,
330 3126 364 3190 id
380 3145 529 3215 apparet,
546 3128 603 3192 ubi
621 3150 663 3192 ne
683 3129 893 3194 Cassandram
910 3130 1043 3219 quidem
1060 3155 1117 3196 ne·

56 3255 139 3298 cesse
154 3247 204 3296 est
221 3232 345 3320 populo
361 3249 526 3319 spectante
541 3233 691 3322 jugulari.
708 3235 746 3298 ln
764 3237 892 3300 furente
910 3252 1017 3302 autem
1035 3238 1116 3303 Her·

54 3339 142 3418 cule,
159 3359 261 3424 quum
280 3337 370 3424 sequi
388 3337 576 3425 Euripidem
593 3355 718 3427 posset,
732 3342 944 3428 periculosam
959 3342 1054 3409 nobis
1067 3354 1118 3423 ὄψιν

53 3441 148 3506 dedit.
164 3441 303 3530 Megaran
320 3442 406 3504 enim
421 3457 454 3505 ct
466 3441 566 3507 liliolo
582 3444 615 3506 in
632 3467 726 3508 scena
741 3446 909 3510 cerebrum
923 3448 1012 3513 elidit
1028 3450 1113 3538 Her·¹
1161 3508 1167 3517 .

50 3549 147 3613 cules.
166 3548 281 3634 ltaque
292 3546 485 3612 histrionem
501 3549 554 3611 vix
568 3548 724 3631 invenias,
737 3552 867 3638 quivim
885 3552 1004 3617 Alcidae
1016 3576 1113 3641 expe·

48 3655 122 3735 riri,
140 3669 173 3716 et
188 3651 258 3715 sine
271 3653 337 3715 ullo
351 3653 428 3716 fuco
443 3670 669 3741 repraesentare
684 3654 749 3719 hoc
761 3657 878 3721 vellet:
898 3658 1009 3744 capitis
1024 3659 1111 3723 enim

46 3761 114 3841 ejus
127 3761 308 3822 interesset.
329 3759 405 3821 Haec
419 3774 467 3821 est
479 3780 574 3822 causa
585 3806 593 3839 ,
606 3782 665 3822 cur
680 3759 877 3848 propudium
891 3760 971 3825 illud
985 3765 1112 3851 generis

44 3865 183 3932 humani
195 3864 283 3927 Nero
297 3887 350 3927 eas
364 3864 487 3929 fabulas
500 3864 668 3954 deligeret,
687 3890 758 3954 quae
774 3866 952 3954 periculosa
965 3878 1113 3951 οιωρήματα

41 3979 190 4054 tremere&
214 3969 388 4051 haberent,
413 3985 450 4033 ut
474 3993 508 4034 se
530 3971 686 4060 sanguine
710 3971 906 4036 histrionum
926 3973 1110 4040 oblectaret.
