2662 4800
118 357 153 451 ttj
338 338 343 347 “
425 360 491 429 un
514 356 681 429 annno
705 359 881 429 seneca

118 477 362 543 distribuamus.
378 478 614 544 Dissimilitudo
627 495 737 544 autem
754 479 815 543 ista
831 479 844 567 (
853 500 952 566 quam
964 495 1051 544 certe
1065 502 1134 544 non
1150 480 1199 547 sic

117 584 220 672 accipi
232 583 364 666 volunt,
377 583 656 672 quemadmodum
674 609 704 649 v.
719 609 747 650 c.
764 583 885 674 Satyris
901 582 997 649 etiam
1010 584 1199 650 Horatianis

119 712 179 755 seu
197 689 398 754 orationibus
420 689 518 754 Tullii
535 714 604 754 non
627 689 714 755 idern
733 690 873 779 pretium
892 690 1088 778 statuitur),
1114 692 1197 756 mihi

119 793 252 884 quidem
277 811 446 884 tantopere
466 796 570 860 aliena
588 818 658 860 esse
675 794 806 860 ridetur
825 795 866 858 ab
887 794 939 859 his
963 795 995 859 X
1014 794 1196 885 tragoediis,

118 916 173 982 ut,
190 900 217 964 si
232 900 284 965 vel
298 901 434 990 singulae
451 901 486 964 in
504 900 700 966 membranis
716 900 851 965 diversis
868 902 1080 984 obvenerint,
1096 924 1197 967 ausus

119 1026 222 1070 essem
239 1026 352 1071 omnes
367 1007 474 1071 eidem
494 1007 621 1071 auctori
637 1005 822 1097 adjungere.
838 1005 928 1071 Vidit
943 1006 1009 1071 hoc
1027 1007 1196 1089 Sulaerus,

118 1126 151 1174 et
168 1108 265 1194 inde,
283 1113 312 1175 si
335 1111 417 1175 velis
436 1111 532 1193 dicit,
549 1133 617 1176 non
643 1113 788 1194 Senecae,
814 1111 871 1177 sed
898 1112 1095 1177 Senecarum
1118 1129 1197 1177 sunt

118 1216 187 1281 istae
210 1217 343 1300 fabulas,
367 1219 420 1282 cui
440 1233 474 1282 et
494 1219 609 1283 lacobs
628 1219 803 1283 assentitur
818 1218 953 1284 verbis:
975 1218 1025 1282 Ec
1040 1217 1200 1284 Itcrrscket

118 1323 150 1385 ia
182 1322 268 1387 allen
301 1323 408 1387 diesen
443 1322 680 1413 Traucrspiclen
710 1325 780 1388 cine
814 1321 1110 1410 Gleicltfo‘rmigleit
1141 1322 1199 1387 dcr

120 1427 259 1510 Manier,
277 1428 392 1494 welche
407 1452 465 1494 uns
480 1443 667 1513 voraturos,
682 1429 841 1495 dicsclben
856 1428 909 1494 als
922 1429 984 1493 das
1003 1429 1052 1494 W
1047 1428 1102 1493 erl
1116 1433 1198 1494 eines

121 1538 267 1623 dnzt'gcn
282 1534 524 1621 Schriftstcllers
548 1535 799 1623 attzuseltcnlt).
826 1533 924 1623 (vid.
943 1533 1132 1622 Nacktnigc
1157 1557 1199 1598 au

110 1637 252 1729 ,Sulzers
273 1640 402 1729 allgem.
426 1642 559 1705 Theona
582 1640 729 1706 darach.
755 1641 801 1705 K.
828 1642 864 1706 B.
886 1645 923 1723 4,
946 1661 972 1705 s.
1000 1638 1099 1728 343.)
1127 1639 1198 1705 Nec

123 1761 271 1811 veterum
301 1747 475 1836 quisquam
503 1746 544 1811 de
569 1769 610 1811 eo
635 1747 800 1813 dubitasse
827 1747 975 1829 ridetur,
1003 1748 1083 1835 quin
1111 1767 1199 1810 unus

123 1867 219 1937 poeta
250 1853 391 1942 tragicus
421 1853 523 1919 totius
549 1853 658 1941 operis
688 1869 803 1918 auctor
834 1854 876 1917 sit
907 1850 1087 1917 habendus.
1124 1851 1199 1940 lpse

55 2044 57 2050 Α
123 1955 363 2039 Quintilianus,
392 1956 471 2022 dum
497 1957 646 2022 Medeam
675 1959 804 2024 Senecae
829 1959 962 2047 allegat,
991 1980 1063 2046 quae
1092 1978 1135 2021 ne
1164 1955 1198 2019 in

121 2061 317 2128 membranis
343 2062 477 2152 qaridem
507 2063 651 2153 primum
679 2066 790 2129 locum
818 2064 961 2146 obtinet,
990 2062 1139 2151 quamvis
1165 2077 1200 2125 et

121 2167 320 2255 praeferenda
335 2169 472 2235 forsitan
486 2171 608 2235 caeteris
622 2186 655 2235 et
667 2171 811 2259 primum
825 2170 944 2259 scripta
955 2167 1114 2249 videatur,
1129 2187 1198 2229 non

123 2273 224 2339 modo
240 2296 306 2339 non
325 2276 502 2359 dubitavit,
519 2276 561 2342 de
573 2277 723 2366 pluribus
740 2275 885 2358 ejusdem
899 2291 1003 2364 poetae
1016 2272 1200 2363 tragoediis,

124 2379 182 2444 sed
212 2403 265 2446 eas
290 2384 425 2472 quoque
452 2405 549 2448 nosse
575 2383 714 2449 videtur.
741 2383 804 2447 Alii
834 2405 913 2446 vero
944 2379 1144 2471 grammatici
1169 2395 1202 2444 et

123 2485 302 2552 scholiastae
319 2487 420 2553 modo
436 2488 605 2554 Hecubam
624 2489 695 2578 (seu
707 2487 866 2575 Troades)
878 2534 887 2568 ,
900 2490 1200 2576 Agamemnonem,

125 2592 358 2682 Hippolytum,
378 2593 479 2659 modo
496 2595 670 2660 Herculem
689 2595 872 2674 furentem,
887 2593 1062 2680 Thyestem
1079 2605 1113 2654 et
1126 2590 1202 2654 reli-

124 2720 204 2785 quas
217 2700 285 2764 fere
298 2723 412 2764 omnes
425 2701 545 2788 passim
559 2701 621 2766 sub
635 2701 770 2764 nomine
785 2699 914 2763 Senecae
928 2699 995 2762 sive
1004 2697 1203 2785 allegarunt,

125 2804 191 2868 sive
224 2805 364 2894 integras
399 2807 496 2870 etiam
527 2806 727 2871 illustravere
759 2804 994 2869 commentario
1029 2815 1201 2890 perpetuo.

126 2909 222 2974 Plura
237 2911 359 2976 habent
375 2913 504 2977 Delrius
523 2925 557 2977 et
573 2911 742 2976 Ernestius
759 2910 791 2974 ll.
811 2931 859 2974 cc.
877 2909 935 2973 Ille
951 2905 1085 2996 quidem
1104 2921 1202 2995 negat

125 3015 222 3080 etiarn
240 3016 274 3079 in
293 3015 360 3080 ullo
380 3015 492 3082 codice
509 3032 677 3082 auctorem
698 3015 815 3079 harum
835 3013 1017 3078 fabularum
1039 3011 1202 3076 nominari

126 3120 173 3186 M.
193 3123 279 3186 Ann.
296 3122 471 3205 Senecam,
490 3139 590 3211 atque
608 3121 643 3184 iu
666 3121 822 3184 omnibus
837 3118 975 3183 Lucium
992 3116 1056 3180 dici
1076 3115 1202 3205 simpli·

127 3228 206 3292 citer
225 3225 373 3292 affirmat.
399 3227 535 3294 Sidonio
558 3244 666 3291 autem
696 3226 893 3315 Apollinari,
915 3224 1087 3311 Theologo
1105 3237 1205 3309 atque

127 3332 291 3422 Episcopo
310 3332 563 3397 Claromontano
581 3355 609 3395 a.
630 3335 713 3418 472,
735 3328 857 3394 nullam
876 3327 972 3393 fidem
990 3327 1103 3390 haberi
1119 3325 1204 3407 vult,

127 3438 286 3503 hocloco
312 3440 470 3519 maxime,
496 3439 555 3502 ubi
575 3437 698 3500 bellum
717 3435 809 3500 civile
832 3433 965 3499 Caesaris
989 3450 1021 3497 et
1040 3430 1205 3519 Pompeii,

129 3544 221 3633 quod
254 3546 404 3609 Lucanus
440 3545 475 3608 in
507 3544 696 3608 Pharsalicis
734 3543 800 3607 suis
833 3540 966 3620 recinit,
1000 3536 1205 3602 Gallicanam

126 3672 275 3738 pugnam
299 3667 401 3715 vocet.
429 3649 579 3714 Profecto
604 3650 631 3712 is
656 3648 853 3712 omniafere
874 3644 1025 3734 ambigue
1049 3642 1146 3722 dixit,
1170 3657 1206 3706 ut

160 3891 201 3955 (r)
219 3888 286 3954 Qun
297 3887 450 3958 germanice
465 3885 571 3956 scripsit
584 3885 693 3947 lacobs,
712 3883 791 3947 vide,
807 3884 828 3935 si
849 3882 954 3952 placet,
978 3881 1005 3931 in
1021 3880 1134 3931 latinum
1151 3897 1206 3929 ser-

127 3993 233 4028 monem
245 3993 369 4029 conversa
380 4013 388 4040 ,
406 3975 455 4026 ini.
465 3992 492 4045 p.
504 3973 558 4046 lvij.
581 3975 606 4026 J.
618 3973 648 4025 P.
