2662 4800
140 354 197 446 xvj
533 356 816 427 PRAEFATIO

186 487 285 555 Inter
301 486 478 558 Parisinos
495 487 636 560 codices
652 487 934 583 manuscriptos,
948 484 1031 582 eligi
1048 507 1110 556 eos
1128 487 1206 582 pri-

138 630 239 677 mum
259 606 347 677 mihi
370 608 553 706 placuerat
569 611 638 708 'qui
658 627 695 682 et
712 611 943 707 antiquitate,
961 622 998 680 et
1019 610 1205 705 scripturae

137 752 223 800 cura
239 729 418 827 digniores
433 730 505 803 fide
522 733 819 829 comperirentur.
841 729 911 803 Sed
932 755 1045 827 quum
1061 729 1204 801 nullum

16 925 18 928 ,
138 853 353 940 invenirem,
370 856 435 951 qui
454 869 536 927 ante
556 855 724 926 sacculum
745 853 926 924 decimum
940 868 1111 951 quartum
1125 877 1204 924 exa·

136 989 235 1045 ratus
249 974 380 1063 luerit,
402 975 504 1073 quod
524 977 746 1048 auctoritatis
766 973 934 1047 demebat
953 975 1119 1046 codicum
1139 1000 1204 1045 no-

136 1099 239 1185 vitas,
252 1078 406 1171 numero
426 1100 552 1171 saltem
571 1098 816 1196 supplendum
836 1098 1054 1186 existimavi,
1077 1096 1203 1169 confe-

135 1220 337 1319 rendasque
355 1224 450 1294 inter
469 1247 506 1295 se
529 1237 566 1295 et
588 1248 671 1295 cum
697 1223 801 1294 editis
819 1220 920 1293 libris
941 1222 1126 1292 universas
1147 1224 1203 1292 Bi·

134 1343 324 1417 bliothecae
344 1348 462 1444 Regiae
487 1346 714 1419 membranas
739 1346 900 1443 suscepi;
924 1369 998 1415 non
1023 1369 1202 1442 quaecum·

136 1493 209 1566 que
229 1467 421 1541 manifesto
439 1468 669 1542 librariorum
689 1494 832 1557 erroro,
856 1483 982 1540 contra
1006 1471 1201 1540 sententia·

133 1614 215 1662 rum
242 1594 484 1689 integritatem
513 1609 549 1664 et
577 1594 682 1664 metri
710 1594 824 1691 leges,
849 1597 1047 1690 irrepsere,
1073 1593 1200 1664 sedulo

133 1714 329 1802 relaturus3
354 1716 416 1786 sed
441 1741 485 1788 ex
510 1715 569 1786 illa
593 1719 768 1786 variarum
792 1715 989 1786 lectionum
1011 1714 1108 1811 sylva
1137 1740 1200 1787 ex-

134 1852 342 1934 cerpturus,
358 1864 438 1935 quoe
453 1837 639 1909 salvatum
655 1839 831 1924 oratione,
843 1853 922 1908 tum
937 1839 1200 1937 compositione

133 1961 299 2032 carminis
320 1963 431 2059 recipi
450 1976 607 2060 possent.
627 1965 679 2032 Ex
699 1961 755 2033 his
777 1959 1016 2045 membranis,
1040 1975 1201 2056 quatuor

134 2083 386 2155 tantummodo
420 2085 465 2157 ad
493 2084 662 2155 saeculum
689 2085 870 2156 decimum
901 2099 1070 2181 quartum
1102 2083 1199 2156 refe-

132 2222 279 2295 runtur,
295 2208 404 2297 8060,
421 2209 527 2295 8006,
540 2209 648 2307 6395,
666 2207 776 2297 8055,
790 2223 942 2295 caeterae,
956 2207 1002 2280 ad
1016 2208 1197 2280 decimum

132 2332 313 2428 quintum.
335 2333 521 2428 Praecipuae
546 2346 632 2401 sunt
659 2328 796 2402 librarii
822 2332 948 2428 peritia
973 2346 1010 2429 et
1031 2345 1199 2402 accurato

131 2455 315 2553 scripturae
342 2457 478 2542 nitore,
506 2479 586 2551 quac
612 2466 786 2524 notantur
809 2454 918 2550 signis
939 2454 1053 2542 8060,
1083 2455 1197 2544 8006,

132 2575 242 2665 8030,
264 2576 375 2662 8035,
398 2576 513 2663 8033,
536 2576 650 2662 8060,
675 2574 788 2664 8036,
809 2576 922 2661 8008,
943 2576 1058 2664 8030,
1081 2576 1196 2674 6377:

10 2788 13 2792 ¹
131 2700 277 2796 reliquae
299 2699 401 2770 nullo
420 2697 638 2769 mendorum
658 2712 781 2769 carent
798 2721 946 2793 genere,
965 2722 1046 2794 quae
1070 2723 1198 2769 occur·

130 2848 210 2894 rere
231 2825 270 2895 in
287 2821 495 2920 vulgaribus
516 2824 615 2892 MSS.
642 2820 769 2892 solent.
791 2820 945 2892 Videtur
964 2820 1079 2893 codex
1101 2822 1196 2895 8035

131 2960 194 3016 aut
213 2970 257 3016 ex
277 2944 434 3016 editione
456 2948 534 3015 Car.
554 2942 733 3013 Fernandi
755 2956 940 3031 exaratus,
966 2928 1032 3013 aut
1055 2967 1196 3016 summa

131 3092 217 3140 cura
229 3065 433 3155 confectus,
451 3067 496 3138 ad
515 3069 618 3163 cujus
636 3069 865 3165 propositum
881 3066 1066 3164 exemplar
1082 3066 1195 3139 editio

128 3190 307 3264 Fernandi
326 3189 621 3263 conformaretur.
640 3194 683 3261 In
703 3191 857 3287 scripto,
877 3202 919 3279 ut
939 3193 977 3259 in
999 3213 1131 3260 excuso
1155 3190 1196 3261 li·

126 3314 208 3402 bro,
219 3339 293 3385 non
307 3314 425 3385 solum
438 3318 708 3411 praemittuntur
721 3326 932 3410 argumenta
944 3311 1195 3409 tragoediarum

42 3464 45 3469 ·
126 3438 172 3509 ab
181 3438 404 3533 Hieronymo
418 3436 529 3508 Balbo
543 3437 660 3507 latinis
669 3432 832 3507 versibus
847 3447 1026 3523 contexta,
1040 3434 1102 3507 scd
1118 3434 1195 3506 haec

125 3562 201 3656 ipsa
223 3557 270 3629 ad
296 3557 430 3630 calcem
456 3557 641 3630 adduntur
666 3559 844 3641 carmina,
867 3581 947 3654 quae
972 3556 1083 3654 praelo
1110 3556 1195 3628 sub·

121 3679 259 3775 jectum
281 3703 374 3777 opus
392 3679 599 3752 declarant:

308 3854 439 3920 Carolus
454 3854 642 3919 Femandua
661 3853 805 3919 lectorem
823 3852 1006 3942 alloquitur.

201 3987 259 4060 Qui
274 3986 345 4065 legis
358 3985 489 4063 altiloqui
506 3984 672 4046 veneranda
685 3997 820 4063 poemata
834 3985 919 4057 vatis,

196 4352 386 4520 Α
