2662 4800
217 368 263 461 xij
614 367 888 435 PRAEFATIO
951 355 959 370 ⁶

218 501 371 575 Iacobsii
386 499 573 599 opuscula,
587 525 745 597 quorum
758 525 895 587 unum,
913 522 1100 597 perrarum
1115 499 1288 597 quidem,

219 624 327 699 nobis
354 624 608 721 benignissime
646 624 742 694 misit
772 620 1002 721 Godosredus
1033 627 1288 711 Hermannus‚

219 749 446 820 doctissimus
461 746 790 841 celeberrimosque
805 746 843 814 in
856 746 1093 816 Universitate
1106 745 1287 842 Lipsiensi

217 871 413 970 professor3
440 871 612 956 alterum,
641 892 684 938 ex
709 867 916 964 Nachtrdge
938 892 986 937 zu
1004 867 1147 938 Sulzers
1166 866 1285 963 allge-

217 998 350 1062 meiner
368 991 517 1063 leeorie
538 1004 767 1086 excerptum,
791 988 892 1086 quod
911 1013 956 1060 ex
978 991 1184 1087 germanico
1206 1014 1287 1062 ser-

184 1110 188 1121 ’
218 1098 380 1185 monein
395 1113 549 1184 latinum
570 1111 771 1219 converti.)

264 1239 339 1306 Nec
369 1234 628 1305 sententiarum
661 1233 969 1332 explanationem,
998 1259 1070 1332 qua
1095 1234 1287 1307 intellectu

217 1355 421 1428 difficiliora
449 1354 608 1426 dilucido
637 1355 833 1427 verborum
866 1357 1020 1446 circuitu
1046 1354 1287 1443 evolvuntur,

215 1482 335 1549 minus
353 1477 477 1549 utilem
496 1475 574 1547 lore
590 1477 737 1549 credidi.
755 1476 870 1549 Multa
888 1478 984 1547 enim
1005 1477 1043 1547 in
1060 1482 1194 1551 Nostro
1218 1502 1284 1548 oc·

216 1616 382 1687 currunt,
408 1598 453 1670 de
478 1625 636 1695 quorum
666 1600 963 1698 interpretatione
996 1598 1160 1669 nondum
1190 1601 1288 1671 inter

216 1748 342 1796 ornnes
369 1724 547 1793 convenit.
576 1723 721 1810 Critici‚
752 1748 911 1819 quorum
941 1725 1142 1820 praecipuus
1169 1724 1206 1793 in
1238 1748 1286 1794 eo

215 1847 369 1916 vertitur
388 1843 509 1929 labor,
532 1859 573 1914 ut
592 1846 707 1914 varias
722 1844 894 1916 lectiones
912 1860 1119 1916 scrutentur
1141 1861 1178 1916 et
1201 1872 1285 1917 mo·

215 1983 340 2039 mento
359 1992 424 2037 suo
443 1965 664 2063 ponderent,
687 1968 889 2038 meminisse
908 1981 1049 2052 tamen,
1067 1982 1108 2038 ut
1124 1968 1213 2038 mihi
1231 1972 1285 2040 vi·

217 2091 341 2175 detur,
367 2089 513 2173 debent,
529 2090 675 2159 nonnisi
695 2087 740 2159 ad
762 2091 894 2159 rectius
913 2089 1166 2187 cognoscenda
1177 2096 1286 2164 Vete-

216 2239 298 2285 rurn
322 2236 431 2309 opera
454 2212 623 2281 lectiones
646 2211 843 2308 explorari3
873 2235 939 2281 nec
967 2213 1088 2282 minus
1115 2211 1287 2310 profutu-

216 2363 317 2447 rum,
337 2339 366 2407 si
386 2335 559 2424 obscura,
587 2334 632 2405 de
658 2333 791 2430 quibus
817 2334 1013 2406 retinendis
1035 2338 1130 2408 inter
1156 2336 1285 2411 doctos

218 2475 379 2545 constat,
405 2460 701 2556 interpretatione
734 2458 959 2529 illustrentur
984 2458 1084 2544 loca,
1112 2484 1221 2565 quam
1253 2465 1285 2532 si

219 2580 480 2658 emendatione
498 2580 718 2667 enodentnr,
737 2606 818 2677 quae
845 2606 921 2650 non
946 2596 1023 2651 rata
1048 2597 1133 2652 sunt
1163 2584 1285 2656 adhuc

219 2721 255 2780 et
286 2720 381 2776 certa
417 2703 582 2773 codicum
620 2703 830 2772 auctoritate
864 2705 1069 2773 constituta.
1107 2706 1175 2775 Alii
1212 2707 1285 2779 alio

219 2829 494 2900 annotationum
528 2847 660 2922 genere
696 2839 803 2920 egent
842 2839 1035 2896 auctores:
1072 2840 1157 2897 sunt
1189 2854 1286 2924 quos

220 2955 297 3024 sine
341 2951 475 3023 auxilio
521 2948 725 3045 intelligas,
769 2951 841 3020 sive
886 2948 932 3019 de
977 2948 1086 3021 rebus
1127 2951 1287 3024 dixerint

219 3103 299 3174 quae
325 3077 447 3148 animo
475 3072 578 3144 facile
606 3072 983 3170 comprehenduntur,
1011 3074 1083 3143 sive
1112 3079 1161 3145 ita
1186 3075 1287 3147 dixe-

193 3232 198 3243 ·
218 3203 307 3289 rint,
330 3214 372 3270 ut
398 3223 464 3297 per
490 3222 528 3269 se
550 3196 606 3266 vel
634 3196 789 3267 obscura
812 3211 850 3268 et
871 3196 979 3276 ardua
1004 3221 1079 3267 non
1102 3222 1194 3294 segre
1218 3199 1286 3270 ad-

218 3323 369 3395 modum
398 3323 673 3419 percipiantur:
703 3320 752 3389 illi
784 3318 932 3416 quidem
965 3344 1049 3390 cum
1079 3320 1285 3418 legentibus

219 3471 300 3518 suas
322 3445 517 3514 sententias
541 3445 617 3514 sine
645 3443 884 3539 interpretum
910 3467 981 3539 ope
1002 3446 1284 3518 communicant.

220 3570 346 3662 Longe
373 3565 473 3636 aliter
495 3564 540 3635 de
562 3567 696 3634 Nostro
720 3562 885 3635 habetur.
913 3563 1074 3636 Diffusus
1107 3566 1145 3635 in
1173 3566 1287 3640 rebus

218 3687 454 3785 congerendis
480 3700 516 3757 et
545 3685 640 3756 idem
669 3688 706 3755 in
734 3686 884 3782 singulis
914 3686 1157 3784 exprimendis
1188 3690 1287 3763 ultra

219 3811 370 3884 modum
388 3810 572 3893 concisus,
591 3809 814 3880 intellectum
831 3823 1010 3897 moratur,
1032 3824 1068 3881 et
1086 3815 1284 3884 sententia-

220 3958 302 4005 rum
320 3933 423 4030 copia
443 3955 532 4028 quas
550 3934 646 4002 necti
664 3957 740 4002 non
758 3933 807 4001 ita
824 3936 868 4002 sit
889 3931 1120 4029 expeditum,
1146 3949 1182 4004 et
1202 3933 1287 4006 bre-
