2662 4800
216 137 288 183 xxx
354 113 463 184 DAN.
483 112 651 183 HElNSll
676 111 738 179 DE
760 112 835 181 HIS
858 112 1131 182 TRAGOEDIIS

211 234 478 300 declamatorium
501 233 608 297 habet.
634 231 717 314 Quae
740 254 790 296 res
812 233 857 296 ita
878 231 973 320 plana
997 249 1064 314 est,
1088 250 1128 298 ut
1153 234 1180 297 si
1197 234 1277 300 nihil

146 404 151 411 ,
214 356 330 428 praeter
352 338 523 428 prologum
536 336 659 401 Medeae
676 352 734 400 aut
748 336 914 401 Troadum
929 354 962 402 et
978 338 1125 402 Herculis
1139 339 1277 405 furentis

110 443 115 449 ’
213 461 368 525 excutiet,
380 466 447 508 non
459 444 556 507 unius
572 464 643 506 esse
657 443 798 507 auctoris
808 442 983 523 judicaturi
997 444 1163 509 fuerimus.
1176 445 1278 510 Marci

213 571 297 637 saepe
321 549 435 613 breves
457 570 496 612 ac
513 547 656 611 concisas
674 545 783 610 rideas
804 545 978 635 periodos:
995 547 1096 635 idque
1119 550 1278 615 acuminis

211 676 315 717 causa.
340 653 429 717 Lucii
456 653 624 740 pauciores
647 660 798 721 oramen<
823 650 962 733 habent,
995 667 1029 715 et
1054 653 1277 741 antiquitatem

213 759 314 848 magis
333 758 473 847 sapiunt.
491 757 594 820 Aiunt
609 755 716 819 virum
736 777 916 843 numquam
933 757 1008 820 satis
1027 756 1196 822 laudatum
1217 760 1279 824 So·

213 864 383 952 phoclem,
400 885 504 951 quum
516 863 714 950 Antigonem
722 882 816 925 suam
827 862 966 951 legeret,
979 878 1012 926 et
1024 885 1099 926 curn
1111 862 1209 954 longa
1224 887 1280 953 po-

213 967 307 1033 riodo
322 968 440 1057 spiritu
455 981 611 1032 contento
627 967 715 1056 paria
732 967 870 1048 fecisset,
886 954 1004 1031 subito·
1013 968 1198 1056 exspirasse.
1207 969 1280 1034 lloc

211 1075 247 1137 in
267 1071 433 1138 Thebaide
458 1073 488 1136 ei
511 1094 689 1160 numquam
708 1071 885 1152 evenisset,
906 1072 984 1160 quia
999 1073 1192 1162 plerumque
1210 1096 1280 1138 non

211 1195 311 1259 eunt,
329 1177 387 1242 sed
399 1176 532 1242 cadunt.
544 1175 690 1265 Ideoque
708 1191 741 1240 et
758 1175 902 1241 numeris
917 1193 1057 1258 nocent,
1070 1193 1104 1242 et
1116 1177 1279 1267 tragoediae

211 1283 409 1364 majestatem
430 1306 497 1349 non
523 1283 631 1346 minus
657 1298 829 1364 enervant,
847 1304 945 1369 quam
967 1282 1089 1347 Lucani
1111 1284 1280 1348 sententiae

210 1390 356 1455 heroicas
377 1391 461 1479 leges
476 1404 510 1453 et
525 1388 735 1476 Virgilianam
752 1388 951 1477 gravitatem.
973 1387 1099 1478 Magna
1115 1390 1204 1454 enirn
1228 1412 1278 1456 res

210 1517 303 1584 pares
320 1495 471 1583 periodos
494 1491 696 1574 desiderant,
724 1508 762 1556 ut
786 1508 872 1557 recte
892 1494 1088 1559 Demetrius.
1111 1495 1150 1558 In
1176 1496 1279 1560 Lucio

211 1621 279 1662 non
293 1621 366 1662 raro
381 1615 450 1662 tota
465 1598 572 1664 oratio
587 1598 739 1664 instruit:
758 1599 792 1663 in
808 1597 920 1664 Marco
939 1599 1055 1687 saepius
1068 1622 1196 1688 gnomae
1208 1618 1279 1665 tan·

214 1719 285 1767 tum
296 1704 496 1769 inseruntur.
508 1704 635 1769 Choros
652 1705 787 1793 excipio.
806 1705 888 1769 Nam
902 1706 1006 1793 qualis
1017 1704 1070 1769 ille
1080 1705 1115 1768 in
1128 1705 1279 1796 Thpeste,

138 1798 167 1834 ’·
218 1808 360 1872 Tandem
381 1813 469 1897 regia
490 1809 619 1889 nobilis,
639 1826 672 1875 et
688 1811 740 1873 alii
760 1810 934 1874 nonnulli?
953 1809 1035 1875 Vide
1050 1811 1193 1876 Hecubae
1208 1834 1280 1877 ora·

213 1914 337 1978 tionem
352 1913 387 1977 in
409 1915 569 2003 principio
584 1913 774 1980 Troadum:
793 1931 827 1981 et
841 1915 986 1981 Nutricis
1002 1913 1047 1980 'de
1065 1937 1177 1981 amore
1196 1940 1278 2005 prae·

213 2018 340 2083 claram.
356 2019 425 2083 lam
436 2019 582 2083 locorum
595 2020 698 2100 major
711 2018 854 2107 supellex
865 2021 899 2083 in
913 2021 1035 2085 Lucio:
1050 2042 1121 2107 quse
1135 2043 1186 2085 res
1198 2022 1279 2085 mire

212 2124 436 2212 antiquitatem
454 2125 547 2211 sapit.
563 2125 648 2188 Talis
663 2140 712 2188 est
723 2123 964 2189 commendatio
977 2125 1050 2188 ritae
1065 2126 1201 2212 agrestis
1216 2126 1279 2190 sub

212 2250 351 2319 persona
374 2229 568 2317 Hippolyti:
588 2252 726 2318 quaeque
750 2253 810 2319 pro
833 2230 998 2320 voluptate
1021 2231 1119 2308 item,
1144 2246 1178 2294 et
1200 2252 1280 2295 con·

211 2333 370 2399 servando
385 2357 503 2424 genere
518 2335 663 2399 humano
680 2335 914 2425 propagatione
935 2336 1090 2417 Veneris,
1106 2359 1126 2399 a
1143 2336 1280 2402 Nutrice

214 2439 379 2504 dicuntur.
393 2439 483 2503 Idem
499 2440 532 2502 in
546 2439 763 2528 exprimendis
778 2442 990 2527 antiquorum
1003 2440 1192 2524 virtutibus,
1210 2464 1279 2505 non
1315 2524 1320 2533 ι

213 2545 322 2608 minus
338 2544 460 2608 felicior
474 2566 572 2630 quam
587 2542 781 2633 diligentior.
792 2545 836 2609 Ut
850 2567 953 2633 quum
968 2545 1001 2609 in
1016 2544 1200 2609 Troadibus
1213 2548 1282 2611 He·

213 2665 337 2713 ctorem
361 2671 378 2712 e
402 2647 546 2713 secundo
572 2646 729 2713 AEneidos
751 2648 949 2738 desumpsit,
977 2650 1011 2713 in
1034 2649 1281 2715 Andromaches

213 2754 351 2819 somnio.
364 2754 406 2816 Et
419 2752 574 2817 nonnulla
588 2775 627 2816 ex
637 2753 753 2818 Ovidio
763 2755 796 2817 in
811 2755 998 2843 Hippolyto.
1017 2756 1097 2837 Quae
1109 2771 1187 2819 sunt
1198 2758 1282 2823 mire

215 2858 338 2923 florida.
354 2860 448 2923 Certe
465 2882 536 2946 quae
549 2882 568 2922 a
581 2859 714 2923 Phaedra
725 2858 891 2942 dicuntur,
905 2883 1008 2948 quum
1024 2882 1167 2925 amorem
1180 2884 1282 2928 suurn

216 2964 393 3053 Hippolyto
406 2963 533 3045 fatetur,
548 2987 645 3028 nemo
660 2981 776 3052 praeter
786 2988 891 3029 unum
906 2963 1058 3029 Ovidium
1078 2964 1219 3031 dixisset.
1231 2970 1284 3033 lta

214 3068 384 3157 dupliciter
400 3066 441 3131 de
454 3068 548 3132 nobis
561 3084 610 3157 est
619 3070 753 3134 meritus
769 3092 777 3134 :
793 3086 913 3145 namet
929 3070 1015 3159 frugi
1029 3072 1209 3136 orationem
1226 3073 1283 3139 de·

212 3173 276 3254 dit,
292 3188 325 3237 et
342 3194 409 3260 quo
425 3187 520 3260 pacto
533 3173 748 3260 exprimendae
764 3189 911 3239 veterum
923 3175 1059 3239 virtutes
1072 3192 1198 3259 essent,
1218 3202 1282 3244 nos

213 3277 336 3343 docuit.
354 3277 516 3341 Neutrum
531 3300 550 3340 a
564 3275 834 3344 declamatoribus
858 3294 1040 3369 exspectes,
1057 3282 1115 3367 qui
1134 3287 1284 3348 conteuti

213 3408 274 3450 suo
290 3384 439 3450 acumine
450 3432 459 3467 ,
471 3407 531 3448 nec
540 3384 666 3448 solliciti
678 3401 715 3451 ut
730 3407 821 3473 atque
829 3386 915 3449 bene
928 3384 1054 3464 dicant,
1066 3388 1143 3452 satis
1156 3389 1285 3456 habent

213 3491 304 3555 aliter
320 3490 449 3555 dixisse.
475 3489 515 3552 In
533 3486 694 3554 narrando
710 3506 835 3572 autern,
855 3491 913 3555 ubi
934 3492 1072 3556 maxime
1087 3506 1131 3564 τῆς
1151 3505 1284 3575 ίρμηνιίας

212 3597 261 3659 vis
278 3597 403 3677 elucet,
426 3596 477 3659 vel
500 3593 689 3683 Euripidem
708 3614 874 3684 provocat.
894 3597 984 3662 Sicut
1008 3597 1041 3661 in
1063 3598 1283 3685 pulcherrima

212 3702 291 3782 ista,
307 3722 380 3788 quae
393 3717 442 3764 est
454 3698 495 3763 de
507 3698 674 3787 Hippolyti
687 3716 801 3765 morte.
818 3701 932 3789 Neque
946 3702 1032 3764 enim
1042 3700 1285 3769 ceditcandore
