2662 4800
106 36 117 373 i

105 610 109 713 i

516 363 830 436 ntssun‘rano.
1082 366 1201 461 xxxvij

163 498 228 562 Huic
241 517 318 561 acro
334 517 378 560 nc
396 516 546 560 sermone
564 495 696 585 quidem
714 495 821 578 cedit,
836 519 878 561 ne
894 496 975 584 quid
992 496 1130 587 amplius
1147 496 1205 562 ad·

105 716 108 749 ¹
160 746 235 809 quarto
244 732 353 787 dentum
367 741 427 804 poet
436 749 520 794 auno,
532 729 615 783 fatum
629 749 708 783 auum
720 741 746 783 et
761 730 938 785 calamitatem
951 731 1090 805 deplorat?
1107 746 1205 788 mator·

105 866 108 897 ἱ
160 842 208 876 num
230 821 403 875 concubitum
424 817 591 872 detestatur?
622 819 664 870 An
687 819 741 872 boc
763 818 802 870 itti
824 830 880 872 tum
904 820 1018 891 primum
1041 822 1070 875 in
1091 835 1206 876 mentem

105 934 107 973 ι
159 907 280 965 veniebat?
300 907 373 961 Vide
394 917 483 960 autem
511 906 708 979 eimplicitatem
735 907 861 980 magistri.
882 908 943 980 Ipae
965 927 994 963 ae
1016 910 1113 982 prodit.
1135 911 1205 966 Num
1302 944 1306 951 ·

159 1001 247 1053 ictuata
263 997 321 1052 beo
333 994 413 1060 dicit,

508 1139 598 1186 bruma
613 1148 651 1186 ter
662 1138 746 1203 potuit
755 1139 838 1202 nivea,

278 1226 310 1274 Et
322 1225 392 1272 tertia
401 1224 452 1285 jam
466 1222 528 1271 falce
541 1221 660 1271 decubuit
672 1224 762 1287 Cerea,

277 1312 313 1358 Ut
325 1307 396 1357 exaul
407 1317 470 1356 errat
483 1318 568 1366 natue,
582 1317 609 1355 et
620 1294 697 1371 patita
709 1317 789 1366 caret,

277 1392 448 1456 Profuguaque
458 1405 543 1455 regum
556 1389 646 1439 auxilia
658 1390 787 1439 Graiorum
797 1399 877 1455 rogat.

155 1562 216 1617 tute
226 1562 265 1618 bia
278 1579 395 1627 aunum,
412 1579 467 1634 quo
481 1578 593 1632 regnare
610 1557 731 1613 Eteoclea
746 1559 828 1631 ooepit
845 1561 912 1629 (nou
931 1561 1002 1613 enim
1020 1563 1095 1632 priua
1107 1583 1200 1637 regum

155 1652 279 1723 inplorare
291 1649 419 1705 auxilium
434 1647 533 1720 potuit)
553 1645 761 1720 quadriennium
782 1646 906 1701 efficitur.
927 1649 981 1702 Aut
993 1649 1015 1703 ai
1026 1668 1113 1705 annua
1128 1653 1206 1728 Poly.

155 1740 207 1793 uicit
214 1738 351 1813 pamaait,
360 1736 576 1810 quinquennium
587 1735 706 1789 babebit.
717 1734 823 1789 Jocaata
834 1733 933 1790 interea
945 1755 1012 1791 uxor
1023 1751 1063 1793 eat
1074 1741 1203 1812 quadem,

155 1831 216 1892 edua
231 1840 256 1881 et
266 1837 359 1880 mater.
372 1825 466 1896 Neque
477 1822 507 1876 iu
521 1820 683 1877 exaecrando
698 1822 750 1876 hoc
770 1821 825 1875 fato
836 1821 984 1896 quidquam
997 1823 1132 1898 deplorat,
1151 1830 1201 1885 niti

154 1914 213 1986 quod
223 1915 323 1970 bootem
336 1912 442 1968 amarit.

277 2078 393 2095 .......
407 2044 458 2094 boe
469 2043 522 2093 lere
535 2052 571 2092 eat
583 2043 654 2108 quod
663 2059 717 2091 auur
729 2060 836 2107 uooeua;

274 2130 331 2178 Feci
343 2141 460 2179 nocentea
468 2145 476 2179 ι
485 2127 535 2177 boc
546 2144 646 2193 quoque
655 2129 787 2177 etiamnum
800 2140 836 2178 eat
844 2129 908 2188 tem

274 2214 361 2279 Peperi
373 2223 488 2262 nocenter
499 2228 506 2260 t
523 2213 605 2261 duent
619 2212 734 2260 etumuia
744 2211 805 2260 rueia

275 2298 311 2347 Ut
323 2308 347 2345 et
357 2297 450 2346 boetem
464 2311 575 2345 aurarem.

154 2453 223 2529 quue
237 2466 297 2529 poet
311 2466 398 2510 tantae
414 2454 517 2528 OEdipi
536 2452 665 2514 dundanae.
685 2452 760 2506 Adeo
773 2454 801 2506 iu
822 2454 873 2507 icto
886 2471 1004 2508 oneum
1021 2455 1046 2508 ei
1059 2454 1151 2517 rediit,
1170 2470 1201 2512 ut

152 2544 277 2598 tententiae
295 2545 390 2599 vibret.
406 2541 444 2596 Ut
464 2543 572 2607 rideas,
593 2551 693 2615 quanto
716 2560 746 2594 ee
766 2540 925 2614 prudentiae
943 2541 1018 2614 apud
1040 2544 1199 2616 Sophoclem

151 2632 278 2706 tmpeudat
290 2652 370 2705 quam
384 2634 428 2687 hio
440 2634 579 2688 declamat.
600 2631 653 2685 Sed
666 2631 720 2684 boc
739 2631 800 2685 eolat
822 2630 958 2704 Euripidia
969 2630 1108 2687 Pboruiaate
1121 2655 1200 2691 exou-

150 2739 193 2774 tare
202 2732 326 2794 potuum,
338 2721 385 2772 ubi
398 2734 424 2775 et
436 2722 571 2794 πριλογῖζιι
584 2731 610 2774 et
623 2737 716 2773 aecure
731 2719 817 2772 muita
829 2719 878 2773 atta
892 2718 967 2773 dicit.
985 2721 1080 2786 Qualia
1092 2723 1197 2780 infinita

148 2821 196 2863 aaut
207 2811 233 2865 in
242 2811 289 2864 illo
297 2822 416 2864 auctore.
428 2809 548 2863 Affectus
556 2826 623 2881 quoa
632 2807 766 2880 precipue
780 2808 915 2874 manavit,
928 2811 1093 2865 sententiolae
1104 2831 1200 2869 uouen-

147 2911 219 2953 uuut.
228 2897 335 2952 Periodi
347 2915 550 2970 nonnumquam
563 2907 589 2950 et
603 2895 736 2951 tentantia
748 2914 804 2949 nou
820 2895 898 2966 plane
910 2895 1041 2963 infelicet,
1059 2899 1086 2951 iu
1098 2916 1199 2973 puncta

145 2998 303 3042 naueoeuut.
319 2986 411 3040 Sermo
424 2985 490 3037 nibil
506 2985 541 3038 ad
551 2984 680 3050 Lucium,
699 2995 726 3038 et
734 3003 815 3057 quem
824 2983 955 3047 Troades,
966 2985 1072 3049 Medea,
1092 2987 1198 3062 Hippo.

143 3075 204 3149 lytue
215 3085 411 3148 repraesentant.
431 3073 490 3126 Viri
505 3073 617 3136 summi,
638 3072 686 3144 qui
704 3076 737 3126 ad
751 3091 837 3125 aarum
849 3072 957 3143 duguati
972 3076 1110 3140 referunt,
1130 3079 1197 3132 nibil

140 3176 228 3237 preter
249 3162 434 3217 auctoritatem
453 3179 529 3214 auam
550 3159 628 3213 nobie
645 3170 795 3231 opponunt.
819 3159 887 3213 Nam
904 3159 1036 3232 judicium
1057 3183 1149 3220 eorum
1168 3179 1198 3220 ut

138 3267 286 3326 aequamur,
299 3266 353 3302 uon
367 3261 407 3300 eat
420 3243 591 3301 metuendum
607 3261 614 3296 ι
633 3263 722 3318 neque
745 3245 816 3299 enim
839 3263 948 3317 protana
969 3249 1042 3302 omni
1064 3270 1195 3308 caremus.

134 3341 264 3395 Cetennu
287 3348 318 3390 ut
336 3335 478 3408 AEacbylua
500 3346 527 3390 et
552 3334 696 3407 Sophoclea
715 3334 907 3406 Pythagoricos
924 3337 1025 3409 ubique
1043 3339 1099 3393 sere
1115 3343 1197 3412 profi·

132 3440 221 3482 tentor
232 3445 241 3480 t
252 3427 290 3479 ita
301 3424 392 3478 videat
400 3422 588 3477 declamatores
599 3423 662 3476 intua
671 3442 686 3476 e
695 3421 808 3476 decretis
819 3422 970 3479 Stoicorum
982 3426 1079 3481 docere
1087 3429 1197 3484 coloret.

128 3516 206 3571 Talia
221 3514 267 3568 hic
285 3513 368 3566 muita
391 3523 461 3565 aunt
480 3510 555 3565 sicut
574 3509 640 3564 illud
659 3511 810 3563 animosum
830 3522 856 3565 et
873 3512 925 3566 iltis
946 3515 1076 3582 solemne,
1093 3519 1196 3589 quoties

127 3603 294 3676 ingentiore
309 3601 476 3663 libertatem,
495 3610 521 3653 et
534 3610 563 3652 ut
576 3599 664 3653 Greci
683 3598 794 3667 melina,
814 3602 841 3653 τὸ
861 3601 1074 3675 ἀπαριμπόδωτον
1094 3606 1136 3658 sui
1155 3624 1197 3658 aa·

122 3691 223 3766 pientia
234 3687 440 3748 commendant,
458 3687 532 3761 quod
544 3687 589 3741 hio
601 3688 636 3740 ab
647 3688 778 3760 Antigone
789 3686 895 3753 dicitur,

273 3848 305 3896 Et
319 3846 368 3893 boc
383 3845 458 3908 magia
471 3856 495 3893 te
508 3845 603 3908 genitor
616 3845 735 3892 insontem
749 3859 825 3903 voco,

272 3929 349 3992 Quod
360 3931 477 3977 innocent
487 3944 513 3976 ea
523 3927 569 3975 diia
582 3943 678 3992 quoque
689 3927 779 3976 invitia.
