<?xml version="1.0" encoding="UTF-8"?>
<!DOCTYPE html PUBLIC "-//W3C//DTD XHTML 1.0 Transitional//EN"
    "http://www.w3.org/TR/xhtml1/DTD/xhtml1-transitional.dtd">
<html xmlns="http://www.w3.org/1999/xhtml" xml:lang="en" lang="en">
 <head>
  <title>
</title>
<meta http-equiv="Content-Type" content="text/html;charset=utf-8" />
  <meta name='ocr-system' content='tesseract 3.04.00' />
  <meta name='ocr-capabilities' content='ocr_page ocr_carea ocr_par ocr_line ocrx_word'/>
</head>
<body>
  <div class='ocr_page' id='page_1' title='image "bibliothecaclas42lemagoog_0014.png"; bbox 0 0 2662 4800; ppageno 0'>
   <div class='ocr_carea' id='block_1_1' title="bbox 67 387 1138 419">
    <p class='ocr_par' dir='ltr' id='par_1_1' title="bbox 67 387 1138 419">
     <span class='ocr_line' id='line_1_1' title="bbox 67 387 1138 419; baseline 0.007 -10"><span class='ocrx_word' id='word_1_1' title='bbox 67 387 1138 419; x_wconf 60' lang='lat' dir='ltr'>mmmmmmnsmmmmmmmmmm</span> 
     </span>
    </p>
   </div>
   <div class='ocr_carea' id='block_1_2' title="bbox 150 585 1062 685">
    <p class='ocr_par' dir='ltr' id='par_1_2' title="bbox 150 585 1062 685">
     <span class='ocr_line' id='line_1_2' title="bbox 150 585 1062 685; baseline 0.008 -8"><span class='ocrx_word' id='word_1_2' title='bbox 150 585 487 677; x_wconf 84' lang='lat' dir='ltr'><strong>PRAEFATIO</strong></span> <span class='ocrx_word' id='word_1_3' title='bbox 518 586 692 677; x_wconf 89' lang='lat' dir='ltr'>NOVI</span> <span class='ocrx_word' id='word_1_4' title='bbox 722 589 1062 685; x_wconf 88' lang='lat' dir='ltr'><strong>EDITORIS.</strong></span> 
     </span>
    </p>
   </div>
   <div class='ocr_carea' id='block_1_3' title="bbox 459 808 748 845">
    <p class='ocr_par' dir='ltr' id='par_1_3' title="bbox 459 808 748 845">
     <span class='ocr_line' id='line_1_3' title="bbox 459 808 748 845; baseline 0.01 -16"><span class='ocrx_word' id='word_1_5' title='bbox 459 808 748 845; x_wconf 42' lang='grc' dir='ltr'>...α’-.-</span> 
     </span>
    </p>
   </div>
   <div class='ocr_carea' id='block_1_4' title="bbox 71 940 1150 3916">
    <p class='ocr_par' dir='ltr' id='par_1_4' title="bbox 71 940 1150 3916">
     <span class='ocr_line' id='line_1_4' title="bbox 75 940 1143 1091; baseline 0.007 -27"><span class='ocrx_word' id='word_1_6' title='bbox 75 940 221 1091; x_wconf 82' lang='lat' dir='ltr'>Quuu</span> <span class='ocrx_word' id='word_1_7' title='bbox 246 990 291 1063; x_wconf 90' lang='lat' dir='ltr'>ad</span> <span class='ocrx_word' id='word_1_8' title='bbox 317 990 389 1062; x_wconf 92' lang='lat' dir='ltr'>hoc</span> <span class='ocrx_word' id='word_1_9' title='bbox 411 980 628 1087; x_wconf 51' lang='lat' dir='ltr'>eiigendum</span> <span class='ocrx_word' id='word_1_10' title='bbox 654 990 885 1067; x_wconf 86' lang='lat' dir='ltr'>Bibliothecae</span> <span class='ocrx_word' id='word_1_11' title='bbox 907 1001 1041 1070; x_wconf 87' lang='lat' dir='ltr'>Latinae</span> <span class='ocrx_word' id='word_1_12' title='bbox 1063 1025 1143 1071; x_wconf 92' lang='lat' dir='ltr'>mo·</span> 
     </span>
     <span class='ocr_line' id='line_1_5' title="bbox 73 1115 1143 1213; baseline 0.009 -28"><span class='ocrx_word' id='word_1_13' title='bbox 73 1130 311 1204; x_wconf 88' lang='lat' dir='ltr'>numentum,</span> <span class='ocrx_word' id='word_1_14' title='bbox 329 1115 710 1213; x_wconf 87' lang='lat' dir='ltr'>quantulumcumque</span> <span class='ocrx_word' id='word_1_15' title='bbox 727 1115 937 1190; x_wconf 86' lang='lat' dir='ltr'>adminiculi</span> <span class='ocrx_word' id='word_1_16' title='bbox 955 1120 1143 1212; x_wconf 88' lang='lat' dir='ltr'>allaturus,</span> 
     </span>
     <span class='ocr_line' id='line_1_6' title="bbox 72 1236 1145 1342; baseline 0.007 -34"><span class='ocrx_word' id='word_1_17' title='bbox 72 1236 263 1334; x_wconf 90' lang='lat' dir='ltr'>quondam</span> <span class='ocrx_word' id='word_1_18' title='bbox 281 1239 438 1335; x_wconf 87' lang='lat' dir='ltr'>accessi,</span> <span class='ocrx_word' id='word_1_19' title='bbox 459 1263 535 1335; x_wconf 88' lang='lat' dir='ltr'>quo</span> <span class='ocrx_word' id='word_1_20' title='bbox 559 1253 683 1310; x_wconf 87' lang='lat' dir='ltr'>nostra</span> <span class='ocrx_word' id='word_1_21' title='bbox 702 1239 834 1328; x_wconf 88' lang='lat' dir='ltr'>Gallia,</span> <span class='ocrx_word' id='word_1_22' title='bbox 853 1257 1011 1315; x_wconf 84' lang='lat' dir='ltr'>externae</span> <span class='ocrx_word' id='word_1_23' title='bbox 1023 1244 1145 1342; x_wconf 76' lang='lat' dir='ltr'>philo-</span> 
     </span>
     <span class='ocr_line' id='line_1_7' title="bbox 72 1357 1147 1464; baseline 0.007 -36"><span class='ocrx_word' id='word_1_24' title='bbox 72 1357 185 1453; x_wconf 82' lang='lat' dir='ltr'>logiae</span> <span class='ocrx_word' id='word_1_25' title='bbox 212 1357 354 1429; x_wconf 91' lang='lat' dir='ltr'>dudum</span> <span class='ocrx_word' id='word_1_26' title='bbox 381 1362 609 1457; x_wconf 89' lang='lat' dir='ltr'>mancipata,</span> <span class='ocrx_word' id='word_1_27' title='bbox 636 1359 682 1431; x_wconf 91' lang='lat' dir='ltr'>ab</span> <span class='ocrx_word' id='word_1_28' title='bbox 708 1361 960 1436; x_wconf 89' lang='lat' dir='ltr'>erubescendo</span> <span class='ocrx_word' id='word_1_29' title='bbox 982 1366 1147 1464; x_wconf 85' lang='lat' dir='ltr'>vectigali</span> 
     </span>
     <span class='ocr_line' id='line_1_8' title="bbox 73 1480 1147 1586; baseline 0.008 -34"><span class='ocrx_word' id='word_1_30' title='bbox 73 1506 156 1553; x_wconf 87' lang='lat' dir='ltr'>sese</span> <span class='ocrx_word' id='word_1_31' title='bbox 175 1480 399 1565; x_wconf 81' lang='lat' dir='ltr'>vindicatura</span> <span class='ocrx_word' id='word_1_32' title='bbox 415 1480 562 1553; x_wconf 89' lang='lat' dir='ltr'>tandem</span> <span class='ocrx_word' id='word_1_33' title='bbox 583 1482 779 1581; x_wconf 88' lang='lat' dir='ltr'>aliquando</span> <span class='ocrx_word' id='word_1_34' title='bbox 797 1484 999 1575; x_wconf 88' lang='lat' dir='ltr'>videbatur,</span> <span class='ocrx_word' id='word_1_35' title='bbox 1013 1503 1147 1586; x_wconf 82' lang='lat' dir='ltr'>tragoe-</span> 
     </span>
     <span class='ocr_line' id='line_1_9' title="bbox 72 1604 1149 1705; baseline 0.006 -30"><span class='ocrx_word' id='word_1_36' title='bbox 72 1604 155 1677; x_wconf 85' lang='lat' dir='ltr'>dias</span> <span class='ocrx_word' id='word_1_37' title='bbox 170 1610 312 1677; x_wconf 82' lang='lat' dir='ltr'>Senecae</span> <span class='ocrx_word' id='word_1_38' title='bbox 329 1604 506 1699; x_wconf 78' lang='lat' dir='ltr'>(tertiam,</span> <span class='ocrx_word' id='word_1_39' title='bbox 519 1628 587 1704; x_wconf 89' lang='lat' dir='ltr'>pro</span> <span class='ocrx_word' id='word_1_40' title='bbox 606 1605 785 1678; x_wconf 88' lang='lat' dir='ltr'>divisione</span> <span class='ocrx_word' id='word_1_41' title='bbox 799 1633 879 1705; x_wconf 85' lang='lat' dir='ltr'>quae</span> <span class='ocrx_word' id='word_1_42' title='bbox 896 1611 1060 1680; x_wconf 87' lang='lat' dir='ltr'>instituta</span> <span class='ocrx_word' id='word_1_43' title='bbox 1077 1625 1149 1697; x_wconf 91' lang='lat' dir='ltr'>est,</span> 
     </span>
     <span class='ocr_line' id='line_1_10' title="bbox 71 1728 1148 1831; baseline 0.005 -31"><span class='ocrx_word' id='word_1_44' title='bbox 71 1730 243 1800; x_wconf 91' lang='lat' dir='ltr'>omnium</span> <span class='ocrx_word' id='word_1_45' title='bbox 261 1753 343 1826; x_wconf 85' lang='lat' dir='ltr'>quae</span> <span class='ocrx_word' id='word_1_46' title='bbox 358 1728 426 1799; x_wconf 91' lang='lat' dir='ltr'>sub</span> <span class='ocrx_word' id='word_1_47' title='bbox 443 1729 556 1826; x_wconf 90' lang='lat' dir='ltr'>ipsius</span> <span class='ocrx_word' id='word_1_48' title='bbox 576 1730 725 1801; x_wconf 91' lang='lat' dir='ltr'>nomine</span> <span class='ocrx_word' id='word_1_49' title='bbox 740 1728 1047 1803; x_wconf 87' lang='lat' dir='ltr'>circumferuntur</span> <span class='ocrx_word' id='word_1_50' title='bbox 1061 1757 1148 1831; x_wconf 88' lang='lat' dir='ltr'>ope·</span> 
     </span>
     <span class='ocr_line' id='line_1_11' title="bbox 72 1852 1148 1952; baseline 0.004 -30"><span class='ocrx_word' id='word_1_51' title='bbox 72 1877 158 1923; x_wconf 87' lang='lat' dir='ltr'>rum</span> <span class='ocrx_word' id='word_1_52' title='bbox 178 1866 333 1952; x_wconf 83' lang='lat' dir='ltr'>partem)</span> <span class='ocrx_word' id='word_1_53' title='bbox 353 1876 398 1923; x_wconf 85' lang='lat' dir='ltr'>ex</span> <span class='ocrx_word' id='word_1_54' title='bbox 417 1855 561 1948; x_wconf 89' lang='lat' dir='ltr'>integro</span> <span class='ocrx_word' id='word_1_55' title='bbox 579 1852 819 1925; x_wconf 88' lang='lat' dir='ltr'>recensendas</span> <span class='ocrx_word' id='word_1_56' title='bbox 838 1868 874 1924; x_wconf 91' lang='lat' dir='ltr'>et</span> <span class='ocrx_word' id='word_1_57' title='bbox 891 1858 1068 1952; x_wconf 79' lang='lat' dir='ltr'>perpetua</span> <span class='ocrx_word' id='word_1_58' title='bbox 1085 1881 1148 1928; x_wconf 88' lang='lat' dir='ltr'>an·</span> 
     </span>
     <span class='ocr_line' id='line_1_12' title="bbox 71 1972 1149 2075; baseline 0.006 -30"><span class='ocrx_word' id='word_1_59' title='bbox 71 1975 266 2047; x_wconf 87' lang='lat' dir='ltr'>notatione</span> <span class='ocrx_word' id='word_1_60' title='bbox 280 1972 508 2046; x_wconf 83' lang='lat' dir='ltr'>illustrandas</span> <span class='ocrx_word' id='word_1_61' title='bbox 518 1974 615 2045; x_wconf 92' lang='lat' dir='ltr'>ultro</span> <span class='ocrx_word' id='word_1_62' title='bbox 628 1972 820 2073; x_wconf 90' lang='lat' dir='ltr'>libensque</span> <span class='ocrx_word' id='word_1_63' title='bbox 838 1981 978 2075; x_wconf 90' lang='lat' dir='ltr'>suscepi</span> <span class='ocrx_word' id='word_1_64' title='bbox 990 2005 999 2067; x_wconf 92' lang='lat'>;</span> <span class='ocrx_word' id='word_1_65' title='bbox 1016 2004 1092 2050; x_wconf 89' lang='lat' dir='ltr'>non</span> <span class='ocrx_word' id='word_1_66' title='bbox 1106 1997 1149 2053; x_wconf 92' lang='lat' dir='ltr'>ut</span> 
     </span>
     <span class='ocr_line' id='line_1_13' title="bbox 74 2097 1149 2195; baseline 0.01 -29"><span class='ocrx_word' id='word_1_67' title='bbox 74 2122 160 2195; x_wconf 86' lang='lat' dir='ltr'>quae</span> <span class='ocrx_word' id='word_1_68' title='bbox 179 2100 274 2168; x_wconf 89' lang='lat' dir='ltr'>iuter</span> <span class='ocrx_word' id='word_1_69' title='bbox 291 2097 470 2195; x_wconf 87' lang='lat' dir='ltr'>praecipua</span> <span class='ocrx_word' id='word_1_70' title='bbox 487 2100 747 2195; x_wconf 83' lang='lat' dir='ltr'>antiquaeartis</span> <span class='ocrx_word' id='word_1_71' title='bbox 763 2099 934 2170; x_wconf 89' lang='lat' dir='ltr'>miracula</span> <span class='ocrx_word' id='word_1_72' title='bbox 957 2126 1149 2176; x_wconf 89' lang='lat' dir='ltr'>numeren-</span> 
     </span>
     <span class='ocr_line' id='line_1_14' title="bbox 74 2217 1149 2323; baseline 0.009 -33"><span class='ocrx_word' id='word_1_73' title='bbox 74 2233 152 2307; x_wconf 85' lang='lat' dir='ltr'><strong>tur,</strong></span> <span class='ocrx_word' id='word_1_74' title='bbox 166 2233 228 2289; x_wconf 89' lang='lat' dir='ltr'>aut</span> <span class='ocrx_word' id='word_1_75' title='bbox 246 2242 312 2316; x_wconf 90' lang='lat' dir='ltr'>per</span> <span class='ocrx_word' id='word_1_76' title='bbox 328 2242 366 2289; x_wconf 90' lang='lat' dir='ltr'>se</span> <span class='ocrx_word' id='word_1_77' title='bbox 383 2217 588 2317; x_wconf 63' lang='lat' dir='ltr'>dignaqjsint</span> <span class='ocrx_word' id='word_1_78' title='bbox 595 2220 756 2318; x_wconf 55' lang='lat' dir='ltr'>„quibus</span> <span class='ocrx_word' id='word_1_79' title='bbox 774 2224 976 2323; x_wconf 73' lang='lat' dir='ltr'>scmtandis</span> <span class='ocrx_word' id='word_1_80' title='bbox 991 2226 1149 2300; x_wconf 89' lang='lat' dir='ltr'>multum</span> 
     </span>
     <span class='ocr_line' id='line_1_15' title="bbox 77 2314 1148 2453; baseline 0.007 -41"><span class='ocrx_word' id='word_1_81' title='bbox 77 2341 191 2412; x_wconf 91' lang='lat' dir='ltr'>studii</span> <span class='ocrx_word' id='word_1_82' title='bbox 206 2355 242 2412; x_wconf 88' lang='lat' dir='ltr'>et</span> <span class='ocrx_word' id='word_1_83' title='bbox 256 2364 375 2439; x_wconf 85' lang='lat' dir='ltr'>operae</span> <span class='ocrx_word' id='word_1_84' title='bbox 391 2335 600 2446; x_wconf 63' lang='lat' dir='ltr'>exsudetu33</span> <span class='ocrx_word' id='word_1_85' title='bbox 615 2331 681 2436; x_wconf 59' lang='lat' dir='ltr'>&#39;s&#39;ed</span> <span class='ocrx_word' id='word_1_86' title='bbox 696 2314 898 2453; x_wconf 48' lang='lat' dir='ltr'>forteftirii&#39;c</span> <span class='ocrx_word' id='word_1_87' title='bbox 917 2342 1089 2446; x_wconf 84' lang='lat' dir='ltr'>temporis</span> <span class='ocrx_word' id='word_1_88' title='bbox 1104 2350 1148 2420; x_wconf 84' lang='lat' dir='ltr'>iis</span> 
     </span>
     <span class='ocr_line' id='line_1_16' title="bbox 77 2454 1148 2565; baseline 0.004 -28"><span class='ocrx_word' id='word_1_89' title='bbox 77 2468 309 2565; x_wconf 89' lang='lat' dir='ltr'>potissimum</span> <span class='ocrx_word' id='word_1_90' title='bbox 325 2459 576 2564; x_wconf 78' lang='lat' dir='ltr'>expendendis</span> <span class='ocrx_word' id='word_1_91' title='bbox 589 2454 863 2564; x_wconf 51' lang='lat' dir='ltr'>itudutuisfflm</span> <span class='ocrx_word' id='word_1_92' title='bbox 882 2467 927 2538; x_wconf 93' lang='lat' dir='ltr'>ad</span> <span class='ocrx_word' id='word_1_93' title='bbox 945 2467 1148 2542; x_wconf 82' lang='lat' dir='ltr'>dramaticae</span> 
     </span>
     <span class='ocr_line' id='line_1_17' title="bbox 77 2588 1149 2687; baseline 0.003 -26"><span class='ocrx_word' id='word_1_94' title='bbox 77 2590 166 2661; x_wconf 87' lang='lat' dir='ltr'>artis</span> <span class='ocrx_word' id='word_1_95' title='bbox 185 2589 372 2659; x_wconf 84' lang='lat' dir='ltr'>historiam</span> <span class='ocrx_word' id='word_1_96' title='bbox 394 2588 939 2687; x_wconf 55' lang='lat' dir='ltr'>pertineeffiznpnjaconsilio</span> <span class='ocrx_word' id='word_1_97' title='bbox 958 2615 1043 2661; x_wconf 89' lang='lat' dir='ltr'>meo</span> <span class='ocrx_word' id='word_1_98' title='bbox 1066 2591 1149 2664; x_wconf 90' lang='lat' dir='ltr'>alie·</span> 
     </span>
     <span class='ocr_line' id='line_1_18' title="bbox 76 2688 1150 2810; baseline 0.001 -28"><span class='ocrx_word' id='word_1_99' title='bbox 76 2736 170 2782; x_wconf 93' lang='lat' dir='ltr'>num</span> <span class='ocrx_word' id='word_1_100' title='bbox 191 2710 407 2795; x_wconf 84' lang='lat' dir='ltr'>existimavi,</span> <span class='ocrx_word' id='word_1_101' title='bbox 431 2711 460 2780; x_wconf 92' lang='lat' dir='ltr'>si</span> <span class='ocrx_word' id='word_1_102' title='bbox 482 2688 821 2807; x_wconf 62' lang='lat' dir='ltr'>iiuuc·³s‘crii›tt›³r‘e11i</span> <span class='ocrx_word' id='word_1_103' title='bbox 842 2709 1044 2782; x_wconf 85' lang='lat' dir='ltr'>evolverem</span> <span class='ocrx_word' id='word_1_104' title='bbox 1068 2736 1150 2810; x_wconf 87' lang='lat' dir='ltr'>per-</span> 
     </span>
     <span class='ocr_line' id='line_1_19' title="bbox 78 2833 1148 2931; baseline 0.001 -26"><span class='ocrx_word' id='word_1_105' title='bbox 78 2857 368 2931; x_wconf 89' lang='lat' dir='ltr'>nosceremque,</span> <span class='ocrx_word' id='word_1_106' title='bbox 390 2833 525 2929; x_wconf 91' lang='lat' dir='ltr'>inquo</span> <span class='ocrx_word' id='word_1_107' title='bbox 547 2835 670 2902; x_wconf 90' lang='lat' dir='ltr'>omnia</span> <span class='ocrx_word' id='word_1_108' title='bbox 690 2835 925 2903; x_wconf 89' lang='lat' dir='ltr'>continentur</span> <span class='ocrx_word' id='word_1_109' title='bbox 947 2833 1063 2904; x_wconf 83' lang='lat' dir='ltr'>latinae</span> <span class='ocrx_word' id='word_1_110' title='bbox 1079 2850 1148 2907; x_wconf 89' lang='lat' dir='ltr'>tra·</span> 
     </span>
     <span class='ocr_line' id='line_1_20' title="bbox 78 2955 1148 3057; baseline 0 -29"><span class='ocrx_word' id='word_1_111' title='bbox 78 2955 209 3057; x_wconf 84' lang='lat' dir='ltr'>goediae</span> <span class='ocrx_word' id='word_1_112' title='bbox 232 2955 446 3054; x_wconf 87' lang='lat' dir='ltr'>specimina,</span> <span class='ocrx_word' id='word_1_113' title='bbox 471 2968 508 3025; x_wconf 88' lang='lat' dir='ltr'>et</span> <span class='ocrx_word' id='word_1_114' title='bbox 536 2956 602 3051; x_wconf 93' lang='lat' dir='ltr'>qui</span> <span class='ocrx_word' id='word_1_115' title='bbox 629 2956 725 3026; x_wconf 90' lang='lat' dir='ltr'>inter</span> <span class='ocrx_word' id='word_1_116' title='bbox 750 2956 907 3051; x_wconf 84' lang='lat' dir='ltr'>antiquae</span> <span class='ocrx_word' id='word_1_117' title='bbox 936 2958 1080 3025; x_wconf 85' lang='lat' dir='ltr'>Graeciae</span> <span class='ocrx_word' id='word_1_118' title='bbox 1106 2980 1148 3028; x_wconf 89' lang='lat' dir='ltr'>ac</span> 
     </span>
     <span class='ocr_line' id='line_1_21' title="bbox 77 3077 1147 3175; baseline -0.002 -22"><span class='ocrx_word' id='word_1_119' title='bbox 77 3081 294 3153; x_wconf 76' lang='lat' dir='ltr'>recentioris</span> <span class='ocrx_word' id='word_1_120' title='bbox 309 3080 373 3149; x_wconf 86' lang='lat' dir='ltr'>aevi</span> <span class='ocrx_word' id='word_1_121' title='bbox 386 3080 539 3175; x_wconf 85' lang='lat' dir='ltr'>tragicos</span> <span class='ocrx_word' id='word_1_122' title='bbox 555 3077 696 3150; x_wconf 90' lang='lat' dir='ltr'>medius</span> <span class='ocrx_word' id='word_1_123' title='bbox 712 3093 748 3148; x_wconf 93' lang='lat' dir='ltr'>et</span> <span class='ocrx_word' id='word_1_124' title='bbox 766 3078 868 3174; x_wconf 87' lang='lat' dir='ltr'>quasi</span> <span class='ocrx_word' id='word_1_125' title='bbox 883 3079 1147 3167; x_wconf 87' lang='lat' dir='ltr'>conterminus,</span> 
     </span>
     <span class='ocr_line' id='line_1_22' title="bbox 79 3201 1149 3300; baseline 0 -26"><span class='ocrx_word' id='word_1_126' title='bbox 79 3219 260 3300; x_wconf 88' lang='lat' dir='ltr'>utrosque</span> <span class='ocrx_word' id='word_1_127' title='bbox 283 3203 484 3273; x_wconf 88' lang='lat' dir='ltr'>imitatione</span> <span class='ocrx_word' id='word_1_128' title='bbox 502 3216 566 3272; x_wconf 87' lang='lat' dir='ltr'>aut</span> <span class='ocrx_word' id='word_1_129' title='bbox 587 3201 711 3273; x_wconf 87' lang='lat' dir='ltr'>saltem</span> <span class='ocrx_word' id='word_1_130' title='bbox 731 3215 1028 3299; x_wconf 85' lang='lat' dir='ltr'>argumentorum</span> <span class='ocrx_word' id='word_1_131' title='bbox 1052 3204 1149 3274; x_wconf 88' lang='lat' dir='ltr'>simi·</span> 
     </span>
     <span class='ocr_line' id='line_1_23' title="bbox 78 3323 1150 3424; baseline -0.002 -24"><span class='ocrx_word' id='word_1_132' title='bbox 78 3326 238 3400; x_wconf 90' lang='lat' dir='ltr'>litudine</span> <span class='ocrx_word' id='word_1_133' title='bbox 255 3327 442 3424; x_wconf 83' lang='lat' dir='ltr'>contingit.</span> <span class='ocrx_word' id='word_1_134' title='bbox 459 3330 533 3398; x_wconf 87' lang='lat' dir='ltr'>Nec</span> <span class='ocrx_word' id='word_1_135' title='bbox 549 3323 775 3423; x_wconf 87' lang='lat' dir='ltr'>spernendus</span> <span class='ocrx_word' id='word_1_136' title='bbox 792 3324 942 3394; x_wconf 88' lang='lat' dir='ltr'>omnino</span> <span class='ocrx_word' id='word_1_137' title='bbox 959 3328 1036 3421; x_wconf 90' lang='lat' dir='ltr'>ipse</span> <span class='ocrx_word' id='word_1_138' title='bbox 1052 3325 1150 3398; x_wconf 91' lang='lat' dir='ltr'>vide·</span> 
     </span>
     <span class='ocr_line' id='line_1_24' title="bbox 79 3440 1149 3547; baseline -0.005 -23"><span class='ocrx_word' id='word_1_139' title='bbox 79 3452 218 3524; x_wconf 90' lang='lat' dir='ltr'>batur:</span> <span class='ocrx_word' id='word_1_140' title='bbox 239 3449 323 3520; x_wconf 91' lang='lat' dir='ltr'>licet</span> <span class='ocrx_word' id='word_1_141' title='bbox 346 3450 443 3520; x_wconf 91' lang='lat' dir='ltr'>enim</span> <span class='ocrx_word' id='word_1_142' title='bbox 466 3447 657 3545; x_wconf 82' lang='lat' dir='ltr'>tragoedias</span> <span class='ocrx_word' id='word_1_143' title='bbox 679 3440 760 3519; x_wconf 89' lang='lat' dir='ltr'>suas</span> <span class='ocrx_word' id='word_1_144' title='bbox 777 3471 888 3547; x_wconf 86' lang='lat' dir='ltr'>prave</span> <span class='ocrx_word' id='word_1_145' title='bbox 905 3451 1149 3537; x_wconf 83' lang='lat' dir='ltr'>contexuerit,</span> 
     </span>
     <span class='ocr_line' id='line_1_25' title="bbox 79 3569 1147 3668; baseline -0.004 -21"><span class='ocrx_word' id='word_1_146' title='bbox 79 3572 256 3648; x_wconf 90' lang='lat' dir='ltr'>dramatis</span> <span class='ocrx_word' id='word_1_147' title='bbox 269 3571 369 3643; x_wconf 86' lang='lat' dir='ltr'>rudis</span> <span class='ocrx_word' id='word_1_148' title='bbox 381 3569 528 3660; x_wconf 85' lang='lat' dir='ltr'>artifex;</span> <span class='ocrx_word' id='word_1_149' title='bbox 546 3572 630 3643; x_wconf 92' lang='lat' dir='ltr'>licet</span> <span class='ocrx_word' id='word_1_150' title='bbox 646 3577 893 3643; x_wconf 87' lang='lat' dir='ltr'>Romanorum</span> <span class='ocrx_word' id='word_1_151' title='bbox 904 3574 1026 3668; x_wconf 91' lang='lat' dir='ltr'>potius</span> <span class='ocrx_word' id='word_1_152' title='bbox 1038 3596 1147 3667; x_wconf 88' lang='lat' dir='ltr'>quam</span> 
     </span>
     <span class='ocr_line' id='line_1_26' title="bbox 81 3693 1146 3771; baseline -0.003 0"><span class='ocrx_word' id='word_1_153' title='bbox 81 3704 298 3771; x_wconf 86' lang='lat' dir='ltr'>Graecorum</span> <span class='ocrx_word' id='word_1_154' title='bbox 324 3718 444 3766; x_wconf 91' lang='lat' dir='ltr'>mores</span> <span class='ocrx_word' id='word_1_155' title='bbox 470 3697 507 3765; x_wconf 94' lang='lat' dir='ltr'>in</span> <span class='ocrx_word' id='word_1_156' title='bbox 529 3693 661 3768; x_wconf 85' lang='lat' dir='ltr'>fabulis</span> <span class='ocrx_word' id='word_1_157' title='bbox 689 3722 733 3767; x_wconf 85' lang='lat' dir='ltr'>ex</span> <span class='ocrx_word' id='word_1_158' title='bbox 758 3694 906 3767; x_wconf 89' lang='lat' dir='ltr'>historia</span> <span class='ocrx_word' id='word_1_159' title='bbox 932 3699 1053 3767; x_wconf 83' lang='lat' dir='ltr'>Graeca</span> <span class='ocrx_word' id='word_1_160' title='bbox 1083 3695 1146 3769; x_wconf 92' lang='lat' dir='ltr'>de·</span> 
     </span>
     <span class='ocr_line' id='line_1_27' title="bbox 80 3814 1148 3916; baseline -0.005 -24"><span class='ocrx_word' id='word_1_161' title='bbox 80 3817 241 3916; x_wconf 86' lang='lat' dir='ltr'>sumptis</span> <span class='ocrx_word' id='word_1_162' title='bbox 261 3816 477 3915; x_wconf 87' lang='lat' dir='ltr'>plerumque</span> <span class='ocrx_word' id='word_1_163' title='bbox 501 3814 701 3906; x_wconf 87' lang='lat' dir='ltr'>effinxerit;</span> <span class='ocrx_word' id='word_1_164' title='bbox 727 3818 827 3900; x_wconf 85' lang='lat' dir='ltr'>licet,</span> <span class='ocrx_word' id='word_1_165' title='bbox 846 3821 885 3887; x_wconf 93' lang='lat' dir='ltr'>in</span> <span class='ocrx_word' id='word_1_166' title='bbox 906 3815 1148 3913; x_wconf 85' lang='lat' dir='ltr'>exprimendis</span> 
     </span>
    </p>
   </div>
   <div class='ocr_carea' id='block_1_5' title="bbox 79 3936 1147 4134">
    <p class='ocr_par' dir='ltr' id='par_1_5' title="bbox 79 3936 1147 4134">
     <span class='ocr_line' id='line_1_28' title="bbox 79 3936 1147 4037; baseline -0.004 -23"><span class='ocrx_word' id='word_1_167' title='bbox 79 3937 291 4025; x_wconf 77' lang='lat' dir='ltr'>affectibus,</span> <span class='ocrx_word' id='word_1_168' title='bbox 312 3937 439 4037; x_wconf 79' lang='lat' dir='ltr'>frigida</span> <span class='ocrx_word' id='word_1_169' title='bbox 456 3953 492 4010; x_wconf 89' lang='lat' dir='ltr'>et</span> <span class='ocrx_word' id='word_1_170' title='bbox 506 3939 759 4012; x_wconf 85' lang='lat' dir='ltr'>declamatoria</span> <span class='ocrx_word' id='word_1_171' title='bbox 773 3936 1049 4037; x_wconf 80' lang='lat' dir='ltr'>amplificatione</span> <span class='ocrx_word' id='word_1_172' title='bbox 1067 3963 1147 4010; x_wconf 88' lang='lat' dir='ltr'>eva-</span> 
     </span>
     <span class='ocr_line' id='line_1_29' title="bbox 182 4053 1030 4134; baseline -0.001 -16"><span class='ocrx_word' id='word_1_173' title='bbox 182 4053 212 4118; x_wconf 82' lang='lat' dir='ltr'>J.</span> <span class='ocrx_word' id='word_1_174' title='bbox 237 4070 381 4134; x_wconf 75' lang='lat' dir='ltr'>Sempm</span> <span class='ocrx_word' id='word_1_175' title='bbox 392 4066 468 4116; x_wconf 76' lang='lat' dir='ltr'>tertia.</span> <span class='ocrx_word' id='word_1_176' title='bbox 1005 4075 1030 4117; x_wconf 84' lang='lat' dir='ltr'><em>a</em></span> 
     </span>
    </p>
   </div>
   <div class='ocr_carea' id='block_1_6' title="bbox 0 0 1339 4800">
    <p class='ocr_par' dir='ltr' id='par_1_6' title="bbox 0 0 1339 4800">
     <span class='ocr_line' id='line_1_30' title="bbox 0 0 1339 4800; baseline 0 0"><span class='ocrx_word' id='word_1_177' title='bbox 0 0 1339 4800; x_wconf 95' lang='lat' dir='ltr'> </span> 
     </span>
    </p>
   </div>
  </div>
 </body>
</html>
