2662 4800
231 317 312 386 xxiv
432 321 461 388 J.
480 322 623 388 LIPSll.
637 322 699 388 DE
725 322 1091 392 HIS-TRAGOEDIIS

228 441 346 529 scripta
357 440 416 529 (ι).
428 442 570 524 Quartus
582 441 720 529 scriptor
732 440 963 529 producendus
975 458 1041 507 est:
1060 442 1116 507 sed
1129 445 1296 536 ambigue.

226 547 310 611 Nam
326 569 387 611 nec
404 547 499 627 novi,
524 568 585 610 neo
602 545 698 609 nimis
715 545 874 611 affirmate
891 546 934 611 de
952 570 993 612 eo
1019 548 1189 614 affirmem.
1210 552 1294 616 Sen-

226 657 308 719 tisco
327 672 435 719 tamen
454 677 529 718 eum
551 653 585 716 in
611 653 741 717 Octavia
760 679 768 719 :
791 677 864 741 quae
882 654 978 719 nimis
999 673 1124 720 mutare
1149 672 1181 720 et
1203 658 1295 722 abire

224 759 355 824 videtur
377 760 418 824 ab
439 760 507 823 aliis
534 758 713 849 tragoediis,
739 760 806 824 imo
827 759 960 824 verbere
977 758 1180 824 eruditorum
1204 764 1294 827 exci-

224 865 355 953 pienda,
375 888 441 929 non
458 865 586 952 plausu.
612 862 814 928 Considera:
834 887 895 928 nec
911 863 984 928 vide
1001 881 1142 949 tantum,
1164 866 1221 931 sed
1240 873 1294 932 lu-

224 988 288 1036 stra
300 994 308 1036 :
322 970 401 1059 quid
410 993 477 1035 non
488 972 521 1034 in
531 976 568 1034 ‘ea
583 970 777 1059 protritum,
795 970 951 1058 vulgare?
967 972 1034 1035 imo
1052 988 1085 1036 et
1097 971 1181 1036 vile?
1191 996 1292 1060 quam

205 1077 323 1140 multa
341 1077 438 1141 rebus
454 1076 626 1162 verbisque
647 1075 781 1164 inepta?
805 1098 878 1163 quae
893 1076 981 1166 piget
994 1099 1164 1165 excerpere
1183 1095 1215 1142 et
1234 1079 1295 1142 ob-

219 1181 317 1261 jicere
334 1181 394 1243 tibi
410 1180 602 1269 singillatim.
627 1179 713 1243 Puer
730 1202 792 1269 ego
808 1202 904 1262 sum,
924 1180 984 1244 nisi
999 1204 1018 1244 a
1037 1203 1140 1269 puero
1157 1204 1193 1245 ea
1210 1185 1293 1247 scri-

221 1302 294 1374 pta;
310 1305 396 1351 certe
412 1288 505 1375 pueri
522 1287 632 1351 modo.

265 1392 372 1456 Habes
393 1390 434 1456 de
450 1390 678 1481 tragoediarum
694 1392 906 1481 scriptoribus
926 1414 1036 1455 meum
1057 1415 1212 1457 sensum:
1232 1394 1293 1458 ad·

187 1568 189 1573 ,
220 1500 295 1565 dam
318 1516 350 1564 et
368 1498 409 1563 de
424 1498 512 1586 ipsis.
528 1501 615 1563 Duas
630 1498 772 1563 duorum
786 1499 917 1562 eximias
933 1521 1051 1562 censeo
1062 1522 1069 1562 :
1080 1500 1200 1586 quibus
1216 1501 1292 1565 lau-

219 1606 313 1672 dator
324 1628 401 1696 ego,
420 1627 489 1667 non
506 1627 630 1668 censor.
647 1605 684 1667 In
703 1604 771 1666 aliis
788 1603 922 1667 virtutes
936 1602 1048 1684 video,
1064 1604 1199 1668 sednon
1216 1607 1292 1670 sine

219 1716 359 1778 mixtura
372 1711 536 1774 vitiorum.
551 1709 691 1796 Magnus
711 1708 851 1797 Scaliger
867 1708 958 1796 quod
976 1725 1042 1773 tam
1059 1708 1226 1775 laudatum
1246 1712 1291 1776 de

219 1820 269 1883 his
289 1816 511 1881 testimonium
535 1815 660 1894 tulerit,
681 1829 717 1878 ut
734 1816 827 1878 etiam
852 1814 972 1879 Graecis
991 1817 1229 1904 anteposuerit,
1244 1842 1288 1882 an

218 1948 257 1988 ex
271 1921 372 1986 veroi'
391 1943 459 1983 non
476 1918 611 2000 dixeris,
636 1919 697 1983 nisi
716 1917 756 1982 ad
777 1920 897 2007 primas
919 1920 989 1984 illas
1007 1920 1172 2010 adspectu.
1199 1925 1288 1988 Nam

218 2045 338 2094 oaeterae
352 2027 498 2114 profecto
516 2047 584 2088 non
603 2024 784 2089 ascendunt
799 2026 926 2089 culmen
940 2026 1027 2095 istud
1044 2026 1156 2091 laudis.
1175 2029 1286 2095 Sonus

216 2135 251 2198 in
270 2134 309 2197 iis
326 2148 358 2196 et
375 2129 536 2222 granditas
556 2130 704 2217 quaedam
725 2131 862 2219 tragica,
881 2131 1080 2196 sate0r2‘sed
1103 2156 1216 2198 nonne
1235 2138 1286 2199 as-

215 2239 347 2303 lectatio
367 2260 451 2326 saepe
477 2252 509 2300 et
525 2236 658 2301 tumor?
682 2235 789 2302 Verba
807 2253 840 2301 et
866 2235 965 2300 dictio
983 2260 1023 2300 an
1048 2261 1286 2327 usquequaque

217 2343 339 2409 electa?
353 2346 423 2408 Jam
435 2342 603 2406 sententiae
619 2341 747 2430 probae,
768 2358 888 2423 acutae,
905 2340 1070 2405 interdum
1084 2342 1126 2405 ad
1141 2345 1285 2408 miraeu-

214 2449 304 2514 lum:
321 2448 379 2513 sed
392 2470 505 2511 nonne
522 2469 606 2535 saepe
625 2461 657 2510 et
670 2446 890 2510 sententiolae?
903 2445 937 2510 id
955 2462 1003 2510 est
1019 2449 1135 2527 fracta,
1154 2449 1284 2512 minuta

214 2556 362 2646 quaedam
376 2554 478 2636 dicta,
496 2554 632 2618 obscura
652 2568 708 2616 aut
724 2575 804 2616 vana
824 2576 831 2616 :
851 2575 922 2639 quoe
938 2551 1093 2640 adspectu
1110 2553 1283 2618 blandian-

215 2678 280 2744 tur,
290 2685 424 2726 excussa
441 2675 594 2724 moveant
610 2658 722 2721 risum.
739 2660 808 2721 Nec
820 2659 906 2720 enim
916 2659 1054 2740 lumina,
1070 2658 1127 2724 sed
1135 2660 1283 2726 scintilla}

214 2784 313 2832 sunt:
331 2789 391 2829 neo
407 2766 474 2829 veri
492 2767 655 2849 fortesque
671 2763 772 2841 ictus,
790 2760 848 2825 sed
859 2810 868 2842 ,
880 2780 918 2826 ut
932 2764 965 2826 in
979 2765 1123 2846 somnio,
1141 2766 1229 2853 parvi
1248 2785 1283 2831 et

214 2873 288 2938 vani
314 2887 459 2936 conatus.
482 2870 570 2951 Quas
596 2885 704 2931 tamen
727 2868 811 2956 ipsas
831 2868 945 2932 crebro
963 2870 1059 2934 nimis
1079 2888 1112 2935 et
1131 2869 1172 2934 ad
1189 2873 1282 2936 fasti·

248 3132 288 3201 (1)
303 3127 414 3191 critici,
438 3128 536 3181 frustra
554 3147 568 3179 a
588 3126 681 3199 Lipsio
694 3126 862 3198 compellati,
878 3126 1015 3178 Thebaida
1034 3146 1088 3179 non
1108 3127 1194 3179 solum
1207 3128 1279 3182 inter

213 3218 300 3292 prima
319 3234 426 3269 romana
446 3216 547 3287 scripta
567 3233 620 3266 non
640 3232 763 3282 posuere,
781 3212 828 3267 sed
850 3218 928 3267 etiam
951 3213 983 3267 ad
1008 3213 1150 3268 deteriores
1171 3214 1278 3271 Senecae

213 3304 354 3376 tragoedias
374 3303 530 3374 relegavere.
566 3300 609 3354 Sic
631 3319 645 3351 a
668 3301 769 3353 Botbeo
794 3301 891 3354 citatus
917 3306 985 3373 Aug.
1013 3302 1167 3355 buchnerus
1192 3305 1277 3375 Epist.

213 3404 284 3466 part.
300 3412 335 3456 a,
356 3395 410 3456 δάε
433 3390 562 3462 «Lipsius
578 3386 699 3441 Troadas
716 3388 826 3441 trivialis
843 3388 963 3459 Magistri
983 3389 1073 3442 foetum
1085 3390 1205 3462 judicat,
1218 3411 1278 3463 quae

213 3509 226 3528 ο
238 3480 328 3535 divina
350 3480 429 3551 plane
448 3477 589 3550 tragoedia,
608 3488 635 3529 et
652 3475 833 3547 reliquarum,
853 3495 920 3549 quas
932 3477 1029 3530 Seneca
1045 3479 1164 3551 scripsit,
1185 3499 1277 3533 revera
1312 3534 1314 3539 ,

211 3596 224 3615 ο
237 3570 365 3639 princeps.
381 3568 479 3621 Contra
488 3564 627 3619 Thebaida
640 3564 673 3615 ita
691 3563 802 3627 attollit,
815 3564 851 3616 ita
863 3564 1018 3628 admiratur,
1036 3579 1065 3618 ut
1079 3585 1153 3637 paene
1166 3566 1277 3633 adoret;

213 3657 267 3708 «in
286 3673 340 3726 quo
362 3654 409 3725 qui
431 3653 600 3715 assentiatur,
623 3650 756 3704 nemiuem
777 3651 899 3718 habebit,
922 3670 975 3704 non
1000 3652 1046 3723 qui
1071 3653 1113 3705 vel
1137 3655 1278 3725 paululum

213 3742 335 3797 «biberit
351 3741 384 3794 de
400 3741 537 3795 Caballino
554 3740 634 3791 sonte.
659 3739 761 3809 Nempe
780 3738 813 3790 de
830 3739 915 3808 poetis
928 3738 1050 3810 judicare
1067 3759 1121 3793 non
1146 3742 1195 3793 uisi
1214 3761 1280 3813 poe·

212 3843 320 3883 «tarum
332 3840 385 3890 est,
403 3829 485 3901 idque
504 3846 558 3880 non
576 3827 709 3893 omnium,
722 3824 768 3878 sed
782 3824 974 3897 optimorum·
991 3826 1061 3878 Vide
1080 3841 1105 3880 et
1126 3828 1194 3880 infra
1210 3848 1277 3901 pag.

208 3932 278 3972 xxxv
293 3931 318 3971 et
328 3937 402 3989 seqq.
412 3916 477 3990 quid
491 3915 583 3970 sentiat
593 3917 659 3968 Dan.
670 3913 792 3968 Heinsius
801 3911 835 3966 de
843 3911 896 3966 hoo
904 3913 986 3984 Lipsii
996 3914 1108 3986 judicio.
1122 3918 1138 3968 J
1141 3957 1147 3969 .
1159 3917 1186 3968 P.

7 4338 13 4371 l

165 4362 353 4516 A
