2662 4800
448 393 755 465 n1ssenrsr10.
1068 400 1140 496 xiij

12 594 14 601 Ι
72 516 160 579 Duos
171 514 282 603 itaque
295 513 431 578 Senecas
443 514 617 598 habemus3
631 531 768 604 patrem,
776 519 831 605 qui
843 520 985 601 Rhetor3
998 520 1142 590 etlilium

12 606 14 635 ¹
70 620 333 709 Philosophum,
348 620 405 708 qui
422 637 454 683 et
465 620 643 709 Tragieus,
662 636 701 684 ut
714 623 781 702 jam
798 629 1137 695 commonstrarimus.

67 730 109 791 At
128 727 279 816 inquies,
301 726 327 789 si
347 748 425 816 ergo
444 748 500 789 sex
516 726 577 790 illae
594 749 684 789 nunc
701 745 897 793 enumeratas
912 733 1075 822 tragoedias
1099 735 1141 800 ad

66 834 226 898 Senecam
239 830 476 919 Philosophum
490 829 688 915 referenda,
706 832 877 912 cujusnam
892 853 988 902 erunt
1000 857 1143 927 quatuor

65 937 218 1028 reliquae,
233 938 467 1027 Agamemnon,
489 935 632 1018 Thebais,
653 937 803 1002 Hercules
824 937 979 1022 OEtaeus,
997 961 1029 1007 et
1045 944 1144 1011 Oeta·

63 1046 153 1110 via?
175 1043 289 1109 Nullas
305 1044 423 1109 harum
444 1065 514 1107 esse
530 1042 678 1126 Senecae,
697 1046 764 1108 imo
783 1060 817 1108 et
837 1044 937 1134 aliqui
954 1047 1141 1135 Furentem,

64 1151 233 1235 Thyestem
252 1166 286 1214 et
303 1148 470 1237 OEdipum
495 1170 571 1212 cum
589 1150 830 1237 Agamemnone
849 1151 954 1216 eidem
975 1151 1142 1241 adimunt,

63 1273 102 1321 et
115 1256 245 1321 Senecae
258 1255 369 1320 nescio
391 1255 443 1319 cui
464 1276 541 1317 cum
556 1253 656 1317 Marci
671 1255 892 1342 prenomine,
916 1255 1145 1327 adscribendas

63 1360 204 1440 volunt,
223 1360 414 1424 Thebaidem
426 1382 504 1422 vero
517 1406 526 1440 ,
540 1356 689 1423 OEtaeam
704 1376 737 1422 et
756 1359 928 1424 Octaviam
942 1360 1145 1432 diversorum

64 1469 222 1533 facientes
238 1468 390 1558 singulas.
413 1468 563 1549 Quarum
583 1466 748 1531 Octaviam
763 1466 958 1532 clarissimus
975 1471 1103 1561 Lipsius
1123 1500 1141 1540 a

64 1597 189 1664 puero,
200 1591 256 1641 aut
272 1575 365 1662 pueri
384 1572 494 1636 saltem
510 1571 626 1654 modo,
641 1573 851 1661 perscriptam
869 1576 1012 1657 censuit3
1031 1602 1142 1666 quarn·

62 1681 115 1744 vis
131 1702 201 1744 earn
215 1679 428 1744 amicissimus
443 1679 556 1759 nobis,
573 1693 606 1741 et
624 1679 658 1740 in
672 1678 736 1741 hoc
747 1694 844 1766 atque
863 1681 954 1744 omni
975 1682 1141 1753 literarum

64 1808 187 1875 genere
209 1783 486 1850 eminentissimus
512 1783 688 1864 Heinsius,
718 1784 792 1846 licet
819 1784 910 1848 humi
934 1808 1141 1877 serpentem,

63 1891 234 1957 Thebaide
250 1908 358 1955 tamen
374 1907 406 1954 et
421 1890 535 1953 OEtaeo
546 1936 556 1971 ,
568 1911 648 1976 quas
665 1889 751 1953 idern
765 1890 892 1978 Lipsius
910 1892 1024 1958 ordine
1038 1896 1143 1987 digni·

63 1998 141 2062 tatis
158 1997 245 2062 inter
261 1996 379 2085 primas
403 1994 520 2077 habet,
538 1996 647 2058 minus
666 1994 828 2083 putidam,
845 2012 876 2060 et
898 1998 990 2063 cultu
1009 2023 1143 2091 quoque

62 2106 225 2170 sermonis
239 2104 406 2168 meliorem
423 2103 545 2166 statuit.
564 2103 724 2191 Josephus
739 2104 873 2193 insuper
886 2105 1036 2197 Scaliger,
1047 2110 1140 2192 cujus

62 2213 97 2276 in
116 2209 343 2276 discernendis
361 2225 533 2273 auctorum
550 2209 677 2298 scriptis
694 2224 728 2275 et
745 2232 763 2273 a
782 2210 865 2275 veris
883 2211 1071 2280 subdititios
1089 2240 1139 2283 se·

63 2317 218 2385 movendi
241 2333 388 2382 exactum
413 2316 575 2397 judicium
598 2315 686 2381 docti
708 2340 845 2401 omncs,
869 2319 934 2384 hoc
957 2326 1134 2409 praesertim

61 2425 196 2506 seculo,
215 2439 293 2487 sunt
306 2420 472 2502 admirati,
488 2422 561 2508 styli
579 2420 816 2501 characterem,
832 2423 889 2511 qui
905 2425 937 2487 in
955 2426 1068 2492 eadem
1088 2449 1137 2495 est

60 2531 219 2612 Octavia,
234 2551 311 2594 cum
328 2528 461 2617 reliquis
485 2525 655 2609 eumdem,
674 2544 707 2591 et
728 2545 895 2593 auctorem
915 2553 1049 2620 quoque
1064 2536 1133 2602 Ne.

60 2639 152 2704 ronis
169 2635 373 2724 temporibus
386 2634 571 2719 ipterl'uisse
585 2633 764 2714 existimat;
781 2635 941 2700 rationem
956 2636 1041 2704 hanc
1057 2641 1134 2724 adji-

61 2746 160 2824 ciens,
173 2741 265 2832 quod
274 2764 342 2805 non
356 2750 482 2804 tantum
494 2741 647 2821 Cometa,
659 2739 716 2828 qui
732 2740 805 2828 ipso
821 2739 952 2806 Nerone
969 2759 1001 2808 ct
1012 2745 1133 2813 Seneca

60 2849 169 2916 adhuc
191 2846 364 2936 superstite
386 2843 522 2925 effulsit,
540 2845 740 2910 mentionem
764 2845 882 2929 faciat,
906 2847 963 2912 sed
982 2873 1017 2914 se
1035 2853 1131 2919 etiam

60 2972 177 3044 praeter
187 2968 320 3018 coeteros
333 2949 417 3038 (nisi
430 2948 528 3012 rc'rba
545 2947 621 3012 dare
637 2948 816 3036 posteritati
832 2951 989 3040 voluerit)
1006 2975 1132 3045 specta.

62 3077 166 3126 torem
188 3055 258 3138 ejus
279 3055 379 3120 fuisse
394 3069 526 3119 asserat.
547 3051 611 3117 Sed
626 3053 742 3117 vixerit
763 3076 832 3117 aero
852 3054 1014 3140 Neronis,
1036 3084 1078 3126 an
1097 3081 1131 3131 et

64 3165 188 3255 scripsit
202 3159 356 3251 quoque?
375 3160 446 3225 Hoc
462 3158 565 3223 multa
577 3173 737 3246 suntque
749 3176 878 3248 negant
895 3162 938 3226 Et
952 3169 1129 3252 prasertim

66 3271 238 3362 Agrippina
250 3289 362 3333 nonne
376 3269 461 3331 inter
473 3265 549 3346 alia,
560 3281 636 3330 actu
652 3264 720 3345 111,
737 3287 774 3329 ea
792 3266 882 3354 loqui
897 3269 1129 3358 introducitur,

66 3399 131 3464 qun
145 3396 250 3464 quum
263 3388 374 3463 postea
386 3373 468 3437 facta
482 3371 557 3452 sint,
566 3368 734 3459 quomodo
747 3370 788 3435 ab
805 3372 964 3460 ipso,nisi
977 3379 1128 3467 Apolline

67 3484 168 3572 aliquo
182 3481 300 3570 pleno,
321 3477 476 3567 perscribi
490 3474 695 3565 potuerunt?
711 3493 748 3540 nt
765 3492 887 3543 taceam
907 3479 949 3545 de
969 3483 1065 3573 culpa
1082 3486 1130 3551 di-

69 3610 152 3670 cere,
172 3608 271 3674 quam
286 3584 405 3650 Nutrix
417 3598 494 3649 actu
509 3582 554 3647 1v
569 3582 699 3647 Seneca
714 3579 848 3671 affingit.

103 3693 167 3760 sed
184 3690 332 3759 dehisce
353 3690 421 3755 hnc
441 3688 527 3754 satis.
552 3687 664 3753 Unum
690 3686 820 3753 accedat
844 3712 944 3778 super
965 3692 1020 3776 iis,
1045 3718 1126 3784 quas

71 3794 170 3864 llarco
188 3795 350 3865 tribuunt.
370 3793 471 3878 Quotl
489 3791 565 3859 ideo
580 3816 600 3857 a
621 3816 656 3858 se
674 3793 796 3859 facturn
813 3792 953 3877 docent,
971 3800 1049 3886 quia
1064 3803 1127 3869 alia

73 3900 153 3969 iniis
183 3926 203 3968 a
227 3902 351 3982 Lucio,
378 3900 482 3966 idest
504 3899 722 3987 philosopho,
746 3900 961 3989 philosophias
980 3922 1015 3969 et
1034 3927 1129 3975 oectae
