2662 4800
212 365 308 459 xlviij
509 367 574 434 ns
596 364 769 435 suueo
793 364 966 434 sauses

212 490 322 578 potuit
343 486 505 553 dubitatio
531 486 572 550 de
599 508 712 550 earum
740 500 884 551 auctore.
913 486 1043 550 Inventi
1069 501 1180 551 autem
1208 502 1282 551 sunt

211 610 340 683 postea,
357 610 396 658 ut
411 592 519 674 aiunt,
535 591 608 654 libri
625 590 758 679 quidam
775 592 904 680 scripti,
921 592 953 655 in
972 591 1091 680 quibus
1105 615 1168 680 pro
1181 592 1281 658 Lucio

211 702 258 767 M.
275 702 363 766 Anu.
376 699 497 763 Seneca
510 714 626 761 auctor
638 696 812 779 diceretur,
826 695 934 786 qnod,
949 698 1095 785 quamvis
1106 720 1146 762 ex
1159 698 1283 762 incuria

209 807 416 872 librariorum
434 804 525 868 lacile
541 803 679 891 intelligi
697 820 824 891 posset,
845 819 952 868 tamen
973 804 1178 868 occasionem
1196 803 1284 868 dedit

210 912 319 977 multis
347 909 517 975 exercendi
545 909 667 997 ingenii
699 910 751 973 sui
763 956 773 988 ,
805 932 871 972 non
901 907 1034 997 quidem
1066 911 1129 991 sic,
1160 924 1198 972 ut
1219 910 1282 990 jam

210 1032 409 1106 quererent,
439 1031 552 1080 utrum
582 1036 689 1078 omnes
714 1014 775 1077 illa
809 1013 971 1103 tragoediae
998 1014 1100 1079 Lucio
1127 1015 1280 1094 Senecae,

209 1122 380 1187 notissimo
401 1119 599 1210 philosopho
621 1119 749 1201 Stoico,
777 1142 819 1183 an
847 1120 959 1184 Marco
984 1119 1080 1185 alicui
1103 1119 1284 1186 tribuenda

209 1226 292 1309 sint,
311 1225 386 1306 sed,
401 1246 494 1289 more
506 1223 609 1289 doctis
624 1223 702 1289 uiris
719 1225 815 1314 plane
830 1223 985 1314 indigno,
1004 1242 1161 1314 tanquam
1180 1222 1284 1289 media

208 1334 259 1399 via
277 1331 477 1421 processuri,
501 1354 618 1419 parum
639 1331 751 1396 critice
772 1331 841 1395 illas
860 1330 971 1394 Marco
992 1346 1026 1395 et
1043 1331 1144 1395 Lucio
1160 1329 1284 1395 divide·

207 1450 301 1517 rent,
335 1448 504 1522 assumpto
535 1432 729 1521 plerumque
765 1433 800 1495 in
830 1431 917 1496 hanc
948 1433 1136 1497 societatem
1168 1433 1304 1507 tertio,¹

208 1540 348 1606 Octaviae
373 1539 605 1604 auctoralem
629 1540 727 1629 igitur
751 1537 793 1602 ad
815 1561 947 1603 sensum
972 1541 1132 1627 cujusque
1153 1537 1286 1603 lectoris

207 1647 341 1712 remissa
356 1662 425 1711 erat
437 1646 545 1710 omnis
559 1645 611 1709 illa
625 1645 761 1734 quaestio
777 1644 818 1709 de
829 1645 1011 1710 fabularum
1024 1646 1159 1710 istarum
1173 1662 1287 1709 aucto-

210 1753 320 1833 ribus,
336 1773 398 1816 nec
418 1750 581 1815 historicis
597 1753 811 1840 argumentis,
832 1751 890 1816 sed
907 1753 1010 1816 libero
1025 1751 1149 1832 judicio
1168 1772 1231 1814 suo
1253 1750 1286 1815 in

211 1856 273 1920 hac
297 1878 393 1921 causa
408 1877 522 1919 omnes
543 1855 732 1920 utebantur.
755 1859 794 1920 ln
820 1857 888 1939 bis,
905 1856 931 1920 si
953 1857 1009 1944 qui
1025 1855 1287 1920 declamatorium

213 1960 370 2051 quiddam
393 1962 459 2026 aive
483 1962 517 2025 in
544 1962 622 2045 bac,
645 1984 704 2028 seu
727 1963 761 2026 in
787 1964 840 2027 illa
863 1961 1017 2052 tragoedia
1043 1963 1202 2051 reperisse
1226 1963 1289 2026 sibi

211 2068 409 2150 viderentur,
424 2091 494 2132 eam
505 2069 617 2134 Marco
634 2068 779 2152 Senecae,
796 2071 926 2160 egregio
940 2069 1154 2135 declamatori
1168 2070 1290 2134 tribue·

212 2174 307 2249 bant,
327 2174 402 2239 alias
419 2197 516 2256 vero,
534 2175 568 2238 in
588 2176 708 2263 quibus
729 2198 825 2240 voces
849 2176 957 2241 stoica·
980 2198 1063 2264 saepe
1085 2173 1289 2257 audirentur,

212 2304 229 2344 a
255 2281 356 2344 Lucio
375 2280 571 2370 philosopho
595 2283 793 2370 repetebant.
820 2283 887 2371 lpsi
910 2282 1007 2346 etiam
1030 2281 1142 2346 iustus
1161 2282 1289 2369 Lipsius

214 2402 246 2450 et
261 2386 345 2450 Dan.
363 2387 533 2467 Heinsius,
550 2410 633 2475 quos
649 2411 714 2476 prae
727 2389 850 2452 ceteris
863 2388 917 2452 bic
933 2388 1118 2452 nominasse
1134 2386 1289 2465 sufficiat,

214 2507 247 2555 et
261 2513 280 2555 a
295 2490 446 2579 scaligeri
463 2492 622 2556 sententia
640 2491 734 2557 valde
747 2492 924 2573 recedunt,
942 2510 974 2557 et
993 2493 1079 2556 inter
1098 2514 1132 2555 se
1150 2493 1290 2556 maxime

214 2595 427 2677 dissentiunt,
452 2613 491 2660 ut
514 2598 547 2659 in
571 2595 778 2661 recensendis
806 2599 941 2687 singulis
965 2595 1125 2688 tragoediis
1150 2597 1292 2661 breviter

216 2703 381 2769 adnotavit
396 2704 581 2782 Ernestius‚
596 2704 677 2767 Bibl.
700 2705 754 2768 lat.
772 2719 851 2768 tom.
869 2706 919 2784 ll,
938 2729 970 2792 p.
990 2705 1048 2770 131
1065 2728 1135 2792 sqq.
1155 2704 1187 2767 Si
1210 2704 1289 2791 quid

216 2824 326 2874 sutem
336 2807 444 2872 valent
454 2811 593 2871 rationes
606 2809 783 2888 historicae,
798 2826 884 2872 certe
896 2832 1006 2872 earum
1018 2809 1067 2872 vis
1080 2832 1119 2872 eo
1133 2808 1290 2897 pertinet,

218 2931 258 2977 ut
273 2914 310 2977 L.
319 2915 476 2977 Annaeum
488 2914 661 2989 Senecam,
680 2929 737 2977 aut
752 2914 889 2977 omnino
907 2914 1010 2977 nullas
1027 2913 1194 3003 tragoedias
1211 2914 1291 2978 seri·

219 3021 319 3108 psisse
340 3018 504 3099 dicamus,
529 3036 586 3083 aut
611 3042 745 3101 omnes,
773 3022 892 3108 quibus
919 3018 1006 3083 idem
1030 3020 1128 3083 unius
1150 3022 1292 3083 auctoris

219 3148 341 3189 nomen
356 3126 389 3189 in
404 3124 518 3189 iisdem
536 3124 703 3189 codicibus
720 3127 914 3215 inscriptum
929 3142 986 3188 est.
1002 3124 1176 3188 Videamus
1193 3124 1293 3214 igitur

220 3232 272 3296 illa
284 3232 468 3297 testimonia
482 3247 647 3313 veterum,
663 3233 783 3320 quibus
797 3233 990 3295 alterutrum
1002 3230 1087 3295 ellici
1099 3230 1218 3318 possit,
1233 3230 1293 3294 hac

220 3337 291 3428 lege
314 3336 497 3426 proposita,
523 3359 566 3398 ne
594 3336 665 3424 quis
694 3335 812 3400 deinde
837 3336 1011 3399 liberaliter
1037 3352 1126 3425 ngat,
1151 3352 1198 3417 et,
1221 3358 1293 3423 quae

222 3444 321 3508 unius
336 3457 414 3505 sunt
430 3454 551 3528 poetae,
568 3439 701 3504 diversis
720 3440 909 3503 auctoribus
926 3439 1108 3504 distribuat.

267 3546 306 3609 ln
324 3544 519 3608 membranis
536 3544 750 3632 quibusdum,
769 3561 807 3608 ut
824 3544 982 3627 diximus,
1000 3568 1061 3632 pro
1080 3546 1115 3609 L.
1134 3548 1296 3633 reperitur

222 3650 389 3717 interdum
405 3674 526 3715 nomen
547 3650 592 3715 M.
616 3676 687 3738 qua·
704 3650 819 3732 lectio,
841 3652 899 3714 etsi
917 3652 1187 3740 paucissimorum
1205 3650 1295 3715 codi-

222 3782 298 3823 cum
312 3758 369 3839 sit,
382 3773 508 3837 tamon,
525 3774 565 3821 ut
579 3755 752 3836 difficilior,
766 3755 966 3845 praeferenda
977 3779 1046 3819 esse
1058 3756 1196 3819 videtur.
1210 3758 1243 3820 N
1244 3780 1295 3820 am

222 3866 258 3928 b.
273 3865 414 3928 Annaeus
429 3862 565 3944 Seneca,
578 3860 795 3950 philosophus
807 3879 840 3924 et
851 3878 1031 3949 praeceptor
1041 3861 1196 3944 Neronis,
1208 3861 1296 3927 haud

202 3961 205 3967 ¹
222 3969 323 4034 dubie
342 3970 419 4056 ipsis
435 3969 574 4033 librariis
597 3969 673 4031 satis
697 3984 795 4032 notus
813 3986 890 4032 erat.
917 3968 1029 4032 Marco
1050 3983 1159 4033 autem
1176 3968 1297 4033 seniori
