2662 4800
455 329 765 398 DISSERTATIO.
1068 360 1137 403 xxv

68 452 164 519 dium
181 448 343 530 inculcat,
361 470 422 513 nec
440 448 582 530 invenit,
600 449 658 513 sed
673 449 783 538 arripit
801 473 808 514 :
829 474 895 515 non
916 466 981 516 tam
1000 475 1057 518 sua
1070 456 1139 520 for·

67 575 153 624 tasse
176 579 275 646 quam
294 554 352 618 aevi
370 554 484 642 culpa,
509 554 563 618 cui
580 554 807 618 scholasticum
823 572 855 619 et
872 555 1137 625 declamatorium

69 666 134 730 hoc
158 685 263 754 genus
288 662 332 725 ita
355 659 500 749 placuit,
532 673 569 724 ut
585 683 714 749 operum
739 664 877 724 omnium
908 662 1023 751 (Fabii
1041 668 1139 732 verba

68 769 173 856 sunt)
192 767 296 832 solam
317 768 468 829 virtutem
484 767 651 828 sentemias
661 780 825 854 putarent.
849 766 925 830 Haec
942 785 1046 853 noto,
1070 794 1138 836 non

69 891 111 938 ut
122 891 201 938 nota
214 888 343 963 poetam
356 870 448 936 illum
462 869 615 952 afficiam,
634 869 691 935 sed
703 888 742 935 ut
753 887 785 936 te
800 873 938 936 formem
953 897 960 938 :
973 874 1139 965 discasque

66 978 212 1059 judicio,
242 1001 310 1041 non
333 973 540 1067 praejudicio,
566 974 632 1058 uti,
664 998 726 1040 nec
744 977 872 1066 signare
895 980 1001 1044 statim
1028 985 1138 1048 omnia

69 1086 157 1151 linea
175 1085 257 1149 alba.

116 1191 263 1254 Alterum
283 1189 453 1277 quesitum
477 1187 518 1252 de
543 1187 658 1252 ordine
676 1204 724 1252 est
746 1213 754 1253 τ
778 1189 907 1256 frustra.
938 1192 1027 1274 Quid
1054 1197 1139 1260 cnim

70 1295 196 1361 lraeres?
208 1317 268 1360 nec
282 1318 369 1360 unus
383 1295 417 1357 in
434 1294 523 1357 libris
540 1309 588 1358 est
598 1293 729 1382 (omnes
745 1297 812 1359 fere
820 1298 974 1385 variant),
988 1321 1049 1363 nec
1065 1277 1141 1365 sane

67 1405 184 1469 refert.
207 1401 247 1465 In
272 1400 387 1465 Plauto
419 1397 460 1462 ad
483 1398 608 1462 literam
631 1398 795 1467 comoediae
823 1399 1043 1490 disponuntur
1069 1427 1077 1469 ε
1106 1420 1143 1468 tu

70 1509 171 1588 istas,
195 1523 234 1571 ut
248 1504 347 1570 voles.
371 1505 456 1569 Nam
473 1504 507 1568 in
523 1521 672 1594 tempora
687 1504 845 1594 cujusque
859 1505 974 1571 fabulae
990 1509 1071 1597 quid
1089 1509 1142 1573 in·

69 1612 209 1702 quiras?
236 1632 471 1700 supervacuum
495 1627 553 1676 est.
576 1612 740 1699 Sequere,
769 1613 797 1675 si
819 1612 956 1676 omnino
982 1615 1104 1702 aliquid
1124 1637 1145 1680 a

69 1740 130 1783 me
151 1717 218 1798 vis,
244 1714 393 1780 ordinem
414 1716 504 1779 hunc
524 1715 694 1798 bonitatis,
722 1730 754 1779 et
771 1733 889 1803 praeeat
909 1718 959 1781 vel
984 1718 1143 1804 mebris,

68 1824 127 1889 vel
143 1820 266 1887 Medea.

120 1926 271 1993 Tertium
286 1941 370 2006 erat,
388 1924 421 1990 Si
434 1924 513 2013 quid
531 1923 572 1988 ad
589 1925 698 2013 ipsas?
713 1925 783 2015 Ego
801 1948 896 2009 vero,
915 1928 974 1992 etsi
986 1929 1051 2009 jam
1067 1947 1144 1996 ante

72 2034 154 2101 satis
174 2032 359 2099 emendatas
383 2029 468 2118 (haec
489 2031 576 2095 enim
598 2032 716 2097 strictis
734 2033 881 2097 versibus
900 2035 1017 2124 scripta
1033 2052 1144 2101 arcent

72 2144 145 2206 fere
160 2155 194 2205 et
212 2138 369 2203 cohibent
388 2136 485 2202 malas
504 2137 639 2223 manus)
661 2154 865 2227 postremum
888 2139 984 2204 etiam
1003 2142 1088 2206 serio
1111 2158 1145 2208 et

72 2241 425 2310 industrie-correxerit
434 2240 474 2307 V.
487 2241 535 2306 Cl.
551 2242 713 2307 Antonius
727 2243 857 2325 Delrio,
874 2259 1032 2309 aeternum
1048 2246 1143 2312 nobis

73 2351 224 2416 amicus:
242 2365 351 2413 tamen
367 2347 476 2435 accipe
494 2364 526 2412 et
543 2370 562 2411 a
578 2347 723 2412 meista:
740 2371 883 2436 quorum
898 2367 1023 2438 partem
1037 2352 1078 2416 ab
1097 2353 1145 2416 in-

74 2456 177 2548 genio
187 2475 255 2519 esse
267 2454 347 2517 scies
359 2467 391 2515 et
409 2452 516 2515 subita
531 2452 731 2529 inventione,
740 2476 844 2539 quum
862 2469 919 2517 tua
937 2478 1031 2519 causa
1047 2456 1144 2543 paulo

74 2560 235 2626 intentius
251 2559 411 2647 legerem:
424 2573 579 2645 partema
596 2556 680 2619 libro
694 2556 815 2645 scripto
827 2557 928 2620 veteri
944 2581 1020 2622 sane
1038 2560 1144 2638 bono,

76 2687 181 2756 quem
196 2664 355 2729 habenam
369 2661 460 2726 dono
476 2661 579 2726 Paulli
595 2661 735 2743 Melissi,
752 2661 861 2751 magni
879 2662 980 2745 vatis,
997 2680 1059 2728 etc.
1078 2666 1145 2729 lla·

76 2775 159 2852 bes,
177 2771 223 2834 mi
240 2768 457 2858 Rapbelengi,
475 2791 548 2856 quae
569 2769 654 2832 inter
671 2767 861 2857 legendum,
889 2786 926 2834 ut
944 2767 995 2852 fit,
1013 2769 1055 2835 ad
1072 2793 1145 2836 oras

76 2894 266 2944 notaveram
284 2877 349 2938 mei
364 2874 437 2937 libri
453 2896 461 2938 t
478 2873 535 2938 sed
549 2889 735 2939 notaveram
752 2874 843 2938 mihi.
864 2875 948 2939 Nam
963 2875 1145 2941 describere

78 2986 151 3050 hec
165 2998 222 3046 aut
239 2979 385 3069 digerere
402 2979 437 3043 in
452 2979 595 3045 alienum
614 3002 731 3062 usum,
755 3003 817 3044 nec
838 2981 976 3070 cogitavi
998 3005 1144 3072 unquam

81 3105 109 3156 t»
126 3101 244 3173 ὀνείροις,
255 3101 315 3151 etc.
331 3085 419 3153 Vale.
435 3086 553 3176 Scripsi
564 3083 715 3176 Lugduni
731 3085 765 3150 in
774 3087 909 3171 Batavis,
927 3089 1022 3153 nonis
1037 3088 1145 3154 octob.

77 3193 316 3259 cloloaxxxvn.
503 3184 507 3190 ²

183 4002 213 4067 I.
237 4016 315 4059 Seuer.
323 4028 382 4079 pars
393 4008 468 4059 tertia.
