2662 4800
122 347 126 351 ’
195 366 305 439 nan.
331 368 502 437 nninsn
526 368 589 434 nn
613 367 686 434 ms
710 367 845 436 raso.
870 364 978 437 mss.
1017 363 1111 459 xxvij

53 491 113 557 Sed
135 492 198 556 bos
218 491 252 554 in
268 489 432 580 plerisque
452 487 619 579 impolitiae
640 509 788 552 censores
802 488 932 552 literar-ii
948 486 1116 553 notabant.

52 597 139 661 Attio
154 596 229 685 plus
247 594 452 675 tribuebant,
468 594 535 656 imo
551 593 768 681 principatum
783 593 819 655 in
833 592 996 682 tragoedia.
1011 592 1117 656 Etiam

52 703 172 767 Tiberii
186 725 254 765 aero
264 699 442 781 nonnulli,
456 714 494 763 ut
511 699 699 763 Paterculus
711 721 773 762 nos
789 697 885 763 docet
897 699 909 787 (
920 700 1003 764 Hist.
1018 701 1115 763 Rom.

52 810 76 888 l,
87 808 154 895 18).
168 808 299 890 Quare,
316 806 351 869 in
366 827 495 870 summo
511 804 618 892 operis
635 820 769 867 auctore
786 802 867 891 quid
882 803 997 868 decore
1013 826 1120 869 necne

50 912 157 995 fieret,
177 911 322 1001 preclari
348 910 401 974 isti
422 909 483 975 riri
499 909 697 997 quaerebant.
715 909 875 973 Omnium
893 909 1118 997 antiquissima

54 1018 253 1107 Hippolytus
267 1013 407 1080 ridetur.
417 1015 592 1080 Cbaracter
603 1013 750 1102 aequalis,
771 1029 895 1096 tersus,
910 1036 993 1102 pura
1010 1013 1119 1093 dictio,

53 1122 214 1186 rarissima
232 1120 382 1185 acumina
398 1136 432 1186 et
453 1119 522 1184 sine
543 1120 609 1184 ulla
628 1119 815 1184 ambitione.
831 1117 974 1183 Troades
992 1116 1119 1201 divina,

55 1249 112 1291 nec
126 1228 240 1291 Latina
256 1227 377 1292 minus.
399 1227 439 1290 In
458 1248 522 1313 qua
540 1225 621 1290 iHud
639 1241 752 1308 notes,
773 1223 864 1313 qnod
880 1224 915 1288 in
932 1224 1120 1313 Menalippa

58 1331 236 1423 Euripidis,
254 1355 354 1422 quam
375 1331 560 1420 Sapientem
580 1331 756 1413 vocabant,
781 1331 905 1418 antiqui
922 1330 1120 1411 observant,
1140 1319 1143 1324 ’

60 1438 171 1526 Pyrrhi
186 1454 220 1504 et
231 1439 482 1528 Agamemnonis
500 1437 700 1524 colloquium
712 1446 926 1517 ισχηματισμίιον
940 1458 1021 1501 esse.
1040 1435 1125 1499 Nam

64 1559 97 1607 nt
112 1544 157 1608 ibi
179 1528 363 1632 Menalippe
381 1540 589 1630 Euripidem,
614 1543 659 1605 ita
676 1541 731 1606 hic
753 1541 898 1630 Pyrrhus
915 1554 1136 1628 repraesentat·

67 1647 237 1731 Neronem,
249 1650 345 1736 cujus
363 1648 534 1738 ingenium
551 1664 584 1712 et
600 1648 634 1710 in
647 1648 708 1712 ista
720 1661 814 1711 aetate
830 1646 983 1729 ferociam
997 1646 1124 1710 occulte
1205 1683 1208 1688 ,

71 1756 211 1842 expressit
232 1772 265 1819 et
286 1755 348 1820 snb
368 1755 621 1845 Agamemnonis
645 1776 784 1842 persona
809 1753 951 1842 castigat.
977 1747 1123 1840 Pyrrhus

75 1874 114 1924 tat
121 1872 248 1941 πρόσωπον
263 1871 442 1942 bnoasipssos·
459 1859 549 1924 Nero
566 1871 596 1923 τὸ
610 1865 769 1940 manemus.
781 1859 830 1923 Eo
841 1874 989 1947 spectant
1004 1858 1069 1924 illa.
1124 1910 1128 1917 .

180 1997 302 2052 Iuvenile
312 1997 407 2052 vitium
422 2008 477 2061 est,
486 2015 578 2069 regere
592 2015 647 2051 non
659 2015 737 2068 posse
747 1997 885 2070 impetum.

80 2144 111 2214 Et
123 2150 267 2237 preclara
285 2146 358 2227 illa,

178 2299 242 2364 Quo
255 2297 333 2371 plura
344 2297 440 2370 possis,
450 2298 525 2370 plura
541 2297 670 2369 patienter
682 2299 761 2351 feras.

80 2453 111 2520 Et
122 2459 249 2548 reliqua.
281 2459 366 2525 Nam
384 2475 422 2523 ut
437 2457 568 2524 Graecus
593 2458 655 2523 sub
679 2479 818 2546 persona
833 2454 1024 2546 Menalippa
1049 2460 1123 2549 opi·

80 2560 174 2629 ninum
183 2587 257 2629 suas
271 2564 465 2653 exponebat,
474 2564 518 2627 ita
534 2564 655 2627 Seneca
667 2563 728 2627 sub
737 2564 1002 2652 Agamemnonis,
1015 2580 1109 2652 tyran

81 2687 179 2734 norum
197 2692 305 2735 mores
317 2669 471 2734 ostendit.
483 2670 592 2752 Quare
609 2691 713 2757 quum
730 2669 847 2757 partim
857 2667 1000 2734 Troadas
1016 2670 1119 2752 illius,

76 2774 177 2857 partim
196 2776 294 2865 etiam
309 2775 478 2850 Hecubam
496 2775 705 2863 exprimeret,
730 2775 839 2838 locum
858 2774 957 2838 istum
980 2797 1048 2839 non
1069 2776 1121 2840 in·
1160 2817 1161 2822 κ

77 2880 167 2962 teuit,
176 2879 234 2945 sed
249 2879 359 2944 dedit:
377 2880 461 2945 sicut
478 2896 512 2945 et
527 2901 699 2968 personam
715 2895 900 2966 utramque.
920 2879 1064 2944 Multum
1081 2905 1122 2947 eo

75 2999 182 3050 veteres
197 2983 450 3050 delectabantur.
461 2983 679 3049 Adducuntur
693 2983 791 3048 verba
803 3006 822 3046 a
834 2982 1056 3049 Grammaticis
1070 2986 1122 3051 di-

73 3088 151 3172 rina,
165 3090 285 3178 quibus
298 3105 437 3155 mortem
452 3091 591 3155 Socratis
606 3089 641 3152 in
658 3087 826 3153 Palamede
844 3087 1014 3177 Euripides
1029 3091 1123 3180 luge·

72 3191 127 3258 bat.
135 3195 253 3282 Neque
260 3195 351 3259 aliter
362 3194 629 3283 ingratitudinem
638 3192 693 3258 filii
703 3193 753 3259 sui
762 3192 933 3281 Iophontis
943 3194 1122 3261 traduxisse

68 3298 273 3389 Sophoclem,
298 3299 336 3365 fit
349 3300 533 3366 verisimile.
554 3298 700 3387 Ideoque
714 3304 816 3361 διπλοῦν
826 3314 914 3380 qnos
928 3300 1048 3368 habere
1070 3301 1121 3366 di-

69 3422 203 3470 cuntur:
221 3406 298 3493 quia
312 3406 394 3470 alius
407 3422 457 3470 est
474 3420 725 3493 repraesentans,
742 3403 825 3469 alius
841 3405 900 3492 qni
915 3423 1122 3494 repraesenta·

69 3526 127 3576 tur.
139 3513 212 3576 Hoc
227 3533 359 3599 quoque
375 3511 417 3576 ad
433 3510 615 3577 Homerum
631 3512 801 3575 referunt:
818 3533 917 3598 quem
934 3511 976 3575 de
993 3534 1028 3575 se
1044 3535 1125 3577 non·

66 3617 149 3680 nulla
167 3616 230 3681 sub
245 3615 425 3682 Demodoci
445 3638 582 3704 persona
604 3615 765 3697 innuisse,
785 3616 939 3681 Platonici
956 3631 1126 3682 notarunt.

64 3723 169 3786 Tertia
185 3738 235 3786 est
251 3722 386 3788 Medea:
403 3738 484 3787 teste
497 3722 613 3802 Fabio,
627 3737 675 3803 et,
694 3737 731 3785 ut
743 3722 847 3810 quiris
861 3719 964 3803 videt,
977 3721 1123 3801 ejusdem

62 3828 214 3892 auctoris.
233 3829 297 3892 Has
315 3845 379 3894 tres
397 3829 498 3892 miror
516 3828 673 3892 exstitisse
690 3849 899 3914 quemquam,
908 3826 965 3913 qui
980 3828 1124 3908 ejusdem

61 3953 131 3997 esse
158 3953 237 3997 cnm
252 3932 384 4020 reliquis
405 3932 610 3998 existimaret.
636 3931 800 4013 Quatuor,
821 3930 994 3995 Herculem
1014 3933 1126 3998 iuren-

968 4036 1005 4103 ba
