2662 4800
211 371 220 439 l
519 372 581 440 DE
606 369 777 439 ANNAEO
801 370 975 441 SENECA

209 513 310 581 quem
326 493 473 556 imitatus
489 508 590 573 esset,
608 514 628 556 e
645 513 741 555 scena
758 508 930 579 promotus
951 487 993 553 ad
1008 504 1167 577 agrestem
1184 488 1287 553 vitam

209 599 351 665 redierit.
368 600 497 690 Neinpe
512 599 658 689 gravitati
670 599 862 664 horridioris
875 597 1042 664 vetustatis
1055 595 1177 660 addicit
1187 594 1287 660 iabu-

207 705 269 781 lm,
285 706 405 794 quibus
421 707 474 770 illc
489 705 679 795 AEschylum
696 716 793 793 atque
807 705 995 794 Euripidem
1009 702 1122 766 sectari
1135 701 1286 766 volucrit.

208 812 286 876 Haec
301 812 402 901 igitur
416 813 525 877 valent
547 810 589 875 ad
611 810 866 876 confirmandam
890 812 1069 876 lectionem.
1084 826 1229 873 veterem
1250 809 1284 871 in

206 917 377 982 codicibus
390 918 518 1007 scriptis
531 918 778 1000 obvenientem,
792 918 850 1007 qui
862 917 964 982 Marci
975 914 1147 995 cujusdam
1160 936 1284 979 nomen

206 1024 240 1086 in
263 1024 372 1088 fronte
392 1024 424 1088 X
443 1025 571 1088 illarum
594 1022 825 1112 tragoediarum
851 1039 980 1113 gerunt
1000 1021 1150 1085 Forsitan
1166 1037 1201 1085 et
1218 1036 1285 1085 tres

206 1127 251 1192 illi
268 1130 441 1217 scriptores
460 1131 496 1196 u
513 1133 654 1194 Annaeus
669 1131 807 1212 Seneca,
825 1114 1059 1218 philosophus,
1078 1128 1125 1191 Μ.
1141 1128 1285 1191 Annuus

204 1233 344 1311 Senem,
355 1252 451 1326 poeta
465 1236 623 1324 tragicus,
635 1252 669 1300 et
679 1237 820 1300 Annuus
833 1236 985 1301 Lucanus
998 1249 1094 1314 sunt,
1106 1232 1148 1297 da
1162 1230 1285 1320 quibus

205 1338 359 1405 Martialis
371 1341 525 1430 cogitavit
536 1342 570 1406 in
584 1342 709 1425 verbis,
723 1342 781 1408 lib.
793 1342 848 1424 IV,
862 1363 914 1431 ep.
929 1343 993 1419 do:

383 1513 452 1561 Atria
461 1513 578 1561 Pisonum
586 1512 683 1561 stabant
692 1529 748 1561 cum
756 1521 881 1561 stemmate
890 1521 957 1570 toto,

419 1603 450 1649 Et
460 1599 529 1648 docti
538 1602 636 1649 Seneeae
646 1612 682 1648 ter
690 1599 839 1649 numeranda
849 1598 946 1647 domna.

381 1687 534 1737 Prtetnllmm
544 1689 619 1738 tantis
629 1689 708 1737 solnm
719 1700 759 1748 te,
769 1689 916 1743 Poathnme,
927 1687 1019 1753 regola,
1031 1695 1079 1734 etc.

249 1864 351 1948 Nam,
366 1881 406 1931 ut
421 1881 471 1931 est
482 1868 517 1929 in
530 1867 634 1931 altero
648 1867 738 1950 loeo,
752 1866 807 1931 lib.
822 1869 854 1950 1,
871 1890 921 1956 ep.
936 1867 997 1931 62:

385 2027 454 2074 Duos
462 2028 567 2074 Senecas
576 2027 726 2091 unicumque
735 2030 860 2076 Lucanum

384 2112 499 2161 Facunda
508 2114 619 2180 loquitur
628 2112 752 2162 Corduba.

248 2263 399 2328 Dubitari
417 2280 527 2329 autem
544 2265 663 2353 possit,
685 2287 726 2328 an
745 2264 874 2329 Marcus
891 2265 1012 2347 rhetor,
1032 2263 1125 2343 cujus
1145 2278 1283 2327 contro·

202 2369 327 2452 versio,
338 2385 494 2458 tanquam
505 2371 699 2435 collecunea
709 2369 873 2458 quaedam,
880 2370 990 2457 pueris
998 2368 1152 2433 Romanis
1161 2367 1283 2456 scripta

204 2490 299 2556 sunt,
325 2473 379 2539 hic
403 2474 614 2564 scriptoribus
640 2473 732 2539 claris
759 2473 1019 2540 adnumeretur?
1043 2475 1076 2539 Si
1096 2474 1170 2562 quis
1191 2473 1282 2537 enim

204 2580 266 2644 fuit
280 2579 336 2643 illo
351 2597 499 2668 tempore
511 2597 608 2668 poeta
621 2582 781 2670 tragicus,
794 2604 880 2668 quo,
896 2596 977 2645 teste
990 2579 1143 2661 Sidonio,
1157 2601 1283 2668 praepo·

204 2700 276 2749 tens
301 2685 385 2749 facta
408 2701 457 2748 est
482 2685 651 2765 Corduba,
677 2686 768 2750 bunc
792 2686 902 2773 potius
929 2685 1125 2774 philosopho
1150 2684 1282 2749 senece

204 2789 471 2879 aequiparandum
484 2789 679 2869 judicamus.
699 2792 799 2872 Nam,
818 2789 909 2878 quod
930 2791 964 2853 in
982 2790 1160 2853 Annalibus
1176 2789 1281 2854 Taciti

204 2895 230 2958 is
244 2917 311 2958 non
326 2910 489 2975 occurrat,
503 2895 612 2959 minus
623 2896 720 2959 etiam
734 2894 919 2959 mirandum
932 2918 1001 2960 esse
1012 2894 1152 2974 videtur,
1163 2917 1281 2982 quarn,

204 3000 434 3089 tragoediarum
461 3022 480 3064 a
503 3000 699 3090 philosopho
728 3001 848 3066 Seneca
877 3003 1093 3090 scriptarum,
1118 3022 1226 3089 neque
1244 3001 1279 3064 in

203 3104 350 3186 ejusdem
364 3106 523 3194 epistolis,
538 3130 645 3195 neque
656 3108 690 3170 in
704 3107 837 3171 historia
851 3108 935 3171 illius
948 3108 1119 3195 temporis,
1136 3107 1281 3171 mentio·

203 3233 281 3275 nem
300 3233 369 3276 etse
386 3213 514 3276 factam.
531 3212 602 3276 Jam
621 3229 654 3276 et
670 3212 833 3277 neminem
852 3211 1023 3277 offendent
1037 3234 1133 3277 voces
1146 3210 1281 3294 Stoicae,

202 3339 277 3406 qum
286 3316 389 3405 poetis
398 3338 466 3380 nou
477 3314 653 3381 admodum
665 3319 771 3381 l'avere
779 3317 943 3399 videntur,
953 3318 985 3381 in
997 3318 1140 3406 epistolis
1148 3317 1281 3383 senoco

202 3420 343 3487 subinde
363 3421 542 3487 audiendae.
572 3422 662 3509 Saepe
684 3423 773 3487 euim
799 3424 853 3489 bic
883 3421 924 3488 de
951 3440 1123 3512 poetarum
1147 3423 1282 3512 ineptiis

201 3529 400 3618 philosopho
416 3528 560 3618 indignis
576 3529 695 3617 agitur,
719 3552 901 3618 eorumque
920 3530 1092 3595 consilium
1117 3552 1217 3595 omne
1236 3530 1281 3597 ad

201 3633 408 3700 oblectandas
425 3657 521 3699 aures
538 3634 691 3713 rejicitur.
710 3637 836 3726 Urgent
852 3635 970 3701 deinde
991 3636 1026 3700 in
1050 3635 1162 3724 prinda
1178 3636 1281 3702 etiam

201 3740 262 3805 riri
288 3740 376 3806 docti
404 3742 514 3807 locum
542 3740 636 3830 epist.
668 3764 742 3830 107,
774 3743 830 3807 ubi
861 3744 983 3808 Seneca
1012 3765 1124 3809 versus
1152 3740 1284 3830 aliquot

202 3847 385 3931 Cleanthis,
409 3848 444 3911 in
468 3847 605 3912 latinum
629 3869 814 3915 sermonem
837 3872 857 3913 a
884 3871 918 3913 se
945 3865 1107 3930 mutatos,
1130 3846 1282 3914 timidius

202 3953 336 4041 profert.
364 3952 448 4017 Nam
472 3953 572 4040 queri
598 3954 717 4042 possit,
739 3954 829 4019 unde
857 3954 1027 4041 scriptori,
1056 3956 1114 4041 qui
1145 3954 1180 4019 in
1209 3971 1282 4020 arte
