2662 4800
392 381 525 450 uov1
550 382 814 450 notamus
1077 385 1137 477 xiij

68 512 218 583 vissimo
247 511 426 611 cujusque
461 519 646 586 senteutiae
676 529 875 604 contextu,
907 542 988 614 quae
1022 518 1061 588 in
1100 543 1138 589 se

66 636 205 705 arctius
237 634 441 733 implicatur
470 651 507 707 et
542 660 635 734 aegre
666 637 887 735 quandoque
921 638 1138 710 dissolvitur.

66 758 215 828 Gallicae
242 758 498 854 tragoediarum
523 758 716 831 latinarum
745 760 995 834 translationes
1018 765 1142 833 errori-

65 881 142 951 bus
166 893 328 951 scatent:
357 904 513 977 quarum
540 881 752 968 novissima,
777 884 817 953 in
841 881 949 952 libro·
966 884 1141 983 producta

66 1004 137 1100 qui
154 1001 363 1074 inscribitur
380 1001 532 1074 Theeitre
549 1004 705 1101 complet
719 1005 782 1075 cles
795 1010 934 1092 Latius,
961 1008 1068 1096 1822,
1082 1009 1141 1078 vix

66 1151 89 1196 a
120 1149 231 1223 prava
267 1127 568 1223 interpretatione
601 1125 803 1226 discrepat,
837 1152 945 1224 quam
981 1128 1140 1202 ediderat

69 1249 193 1343 Coupe
210 1247 348 1344 (1795).
372 1250 409 1319 Si
430 1272 559 1345 parum
579 1250 707 1345 juvant
728 1251 973 1339 translatores,
993 1268 1141 1325 annota-

67 1388 169 1444 tores
182 1373 309 1444 saltem
323 1387 358 1445 et
372 1375 506 1462 critici,
520 1376 584 1472 qui
595 1376 770 1471 majorem
784 1376 1001 1474 plerumque
1016 1401 1140 1448 curam

67 1509 107 1566 et
120 1494 360 1568 eruditionem
374 1495 546 1585 afferunt,
554 1497 828 1596 interpretando
836 1500 985 1593 Tragico
997 1496 1139 1569 diluen-

65 1617 199 1716 disque
215 1622 335 1717 operis
349 1622 425 1717 ejus
440 1620 585 1692 nebulis
601 1620 831 1708 incumbant,
845 1645 921 1691 non
937 1621 1057 1691 minus
1073 1620 1140 1692 hac
1213 1660 1216 1665 ⁴

65 1767 173 1830 cura,
192 1767 301 1839 quam
313 1744 390 1841 ipsa
403 1745 627 1833 recensione,
641 1744 686 1814 de
702 1747 837 1815 Nostro
854 1743 948 1814 bene
962 1744 1136 1814 merituri.

117 1869 173 1935 De
195 1869 407 1937 recensione
427 1865 600 1964 bipartito
626 1867 773 1963 loquar,
796 1863 957 1938 referens
979 1868 1137 1964 primum

64 1988 203 2084 quibus
229 1990 424 2060 instructus
451 1990 591 2061 auxiliis
615 1989 661 2061 ad
681 1990 991 2086 recognoscendas
1010 2004 1138 2088 tragoe-

64 2111 144 2183 dias
162 2113 391 2198 accesserim,
410 2126 446 2183 et
463 2113 609 2185 demum
624 2138 714 2210 quas
727 2112 913 2208 judicandi
932 2113 1028 2210 leges
1043 2128 1079 2185 et
1094 2115 1136 2184 iis

63 2235 236 2310 subsidiis
258 2223 385 2308 utendi
403 2236 492 2306 mihi
515 2238 591 2334 ipse
611 2222 769 2308 fecerim.

114 2366 168 2432 Ex
187 2362 312 2459 primis
333 2364 455 2432 Nostri
477 2359 714 2447 editionibus,
740 2386 820 2457 quae
846 2374 929 2432 ante
953 2360 1134 2432 decimum

62 2499 208 2556 sextum
224 2482 393 2554 saeculum
409 2485 641 2583 prodierunt,
660 2483 749 2554 duas
764 2488 802 2553 in
816 2483 983 2554 manibus
1002 2483 1134 2572 habui,

62 2630 221 2704 quarum
249 2606 409 2678 alterae
439 2607 569 2678 Carolo
597 2606 787 2679 Fernando
810 2608 965 2694 Parisiis,
994 2608 1132 2679 incerto

62 2754 180 2812 anno,
203 2733 331 2800 emissa
357 2744 421 2800 est.
448 2734 503 2801 De
528 2730 587 2801 illa
609 2731 660 2800 sic
681 2729 822 2801 disserit
842 2729 1018 2816 Botheus,
1039 2731 1133 2802 inter

61 2855 278 2925 novissimos
295 2854 553 2949 tragoediarum
574 2853 730 2925 editores
754 2853 926 2925 doctrinae
946 2854 1052 2931 laude
1073 2856 1130 2925 in·

62 2979 198 3074 signis:
222 2977 373 3049 «Editio
395 2982 539 3048 Senecae
558 2980 716 3076 liagici,
735 2981 918 3061 omnium,
945 2979 983 3048 ni
1006 2975 1130 3066 fallor,

62 3130 79 3163 a
96 3101 229 3195 prima,
246 3124 378 3196 quam,
407 3100 530 3173 codice
552 3101 667 3172 multo
691 3100 845 3186 collato,
867 3101 1017 3171 Lutetiae
1033 3104 1129 3172 Pari-

62 3250 80 3285 ι
95 3224 252 3309 siorum,
271 3223 412 3294 incerto
431 3246 547 3311 annu,
572 3226 669 3320 typis
688 3223 845 3320 imprimi
861 3222 966 3317 jussit
980 3224 1131 3295 Carolus

62 3343 322 3431 «Fernandus,
337 3345 566 3416 commodata
583 3345 691 3417 nobis
712 3359 768 3417 est
786 3370 807 3416 a
831 3347 1052 3443 politissimis
1071 3349 1129 3418 Bi-

60 3465 286 3539 «bliotheooe
308 3467 608 3557 Desbillonianae,
628 3494 709 3566 quae
728 3469 924 3541 Manhemii
943 3485 1126 3559 servatur,

58 3619 76 3653 c
92 3588 322 3679 custodibus3
340 3590 473 3689 quibus
492 3594 627 3689 pariter
641 3604 752 3692 atque
767 3591 980 3664 doctissimis
995 3591 1128 3664 Biblio-

57 3712 280 3784 ethecarum
298 3715 604 3803 academicorum,
625 3739 705 3811 quae
730 3715 888 3786 Berolini
917 3732 954 3786 et
982 3717 1146 3800 Heidels

53 3870 70 3902 a
87 3836 210 3935 bergae
228 3851 333 3925 sunt,
354 3836 528 3937 praefectis
546 3837 591 3910 de
608 3862 788 3936 propensa
809 3863 892 3937 erga
912 3864 981 3910 nos
998 3840 1125 3913 volun-

51 3994 69 4027 «
82 3977 160 4034 tate
173 3987 255 4048 sua,
268 3987 358 4059 quas
375 3962 508 4051 debeo,
522 3986 680 4039 summas
695 3986 763 4060 ago
779 3963 971 4063 habeoque
983 3968 1122 4064 gratias.

938 4074 980 4148 a³
