2662 4800
128 335 259 431 xxxviij
281 338 391 410 DAN.
412 334 580 407 HEINSII
603 338 668 405 DE
689 338 762 406 HIS
785 340 922 409 TRAG.
945 341 1145 414 DISSERT.

125 468 281 557 jungam:
297 468 456 532 luxuriam
466 483 575 532 autem
584 468 677 532 istam
689 489 727 532 nc
738 465 985 535 redundantiam
1001 494 1070 536 non
1081 472 1190 557 habet,

129 573 221 637 humi
243 574 343 662 serpit
357 589 482 655 tamen,
507 589 567 638 etc.
582 571 706 661 (Lugd.
722 575 789 639 Bat.
804 575 974 662 crorum.)

126 779 225 844 Qualia
234 777 304 852 apnd
315 777 440 833 Senecam
454 777 645 848 Philosophum
657 777 757 849 paarim
768 791 923 833 occurrunt.
932 778 991 833 Hoc
1000 780 1130 854 impoauit
1138 782 1192 837 viro

128 867 210 942 hujua
226 880 301 923 recte
314 867 496 921 amantiaaimo
511 866 588 919 Justo
605 865 705 938 Lipaio.
724 867 784 920 Jam
805 885 853 939 pro
872 869 991 939 gnome,
1010 889 1071 943 qun
1086 871 1116 923 in
1133 873 1193 925 uni·

127 974 231 1010 vertum
250 956 331 1010 vitam
350 955 508 1019 informant,
529 952 622 1024 qnalee
634 953 663 1004 in
677 952 821 1007 Phoenitain
831 955 921 1026 plures
935 974 1017 1028 quam
1036 957 1116 1026 alibi,
1127 958 1192 1012 Stoi.

127 1062 220 1098 corum
234 1043 291 1097 t‘erc
303 1043 399 1116 placita
416 1040 563 1113 inspergit3
580 1039 694 1104 oblitua,
714 1040 787 1114 quod
804 1059 820 1095 a
839 1060 944 1096 summo
963 1044 1120 1098 criticorum
1140 1047 1194 1100 Ari·

127 1132 220 1186 atotele
232 1130 353 1195 docetur,
369 1127 502 1201 populum
524 1127 657 1200 gaudere,
680 1146 765 1201 quum
787 1129 815 1181 in
839 1147 937 1201 genere
958 1128 987 1183 id
1009 1131 1103 1198 audit,
1121 1133 1193 1206 qnod

127 1237 217 1272 recum
230 1217 287 1290 ipae
299 1216 386 1290 quivis
400 1234 493 1268 verum
508 1233 564 1268 eme
574 1213 699 1287 judicat:
713 1214 785 1268 unde
798 1217 941 1288 applausus
951 1216 1002 1271 iate
1012 1230 1093 1291 atque
1105 1219 1194 1274 extul-

125 1305 206 1359 tatio:
225 1317 251 1359 et
259 1305 333 1357 hunc
341 1321 400 1358 cane
409 1321 488 1356 nsum
502 1320 669 1374 gnomarum.
679 1300 823 1375 Nunquam
833 1314 923 1358 nutem
932 1305 1003 1359 orhir
1015 1305 1120 1361 Stoicna
1129 1307 1193 1373 tuit,

126 1391 259 1466 nequead
271 1389 404 1464 paradoxa
417 1390 529 1462 quisque
541 1389 664 1462 profecit.
680 1389 776 1461 ltaque
786 1389 840 1445 hoc
858 1403 885 1444 et
900 1392 1000 1447 Seneca
1017 1405 1129 1467 uterque
1141 1412 1194 1449 aer·

126 1481 220 1546 ravit,
237 1489 348 1552 propter
360 1496 419 1531 cam
436 1495 543 1531 cunram
555 1495 636 1549 qnam
653 1475 719 1530 dixi.
737 1478 794 1530 Rex
810 1477 1048 1552 philoaophornm,
1065 1481 1194 1536 ineffabili

127 1568 292 1632 urbanitate,
304 1569 346 1625 τὴν
363 1574 404 1620 τοῦ
417 1566 515 1636 θιᾶτρου
533 1566 670 1629 ἀσθένειαν,
684 1567 774 1616 umeri
786 1568 990 1634 intacitum,
1007 1569 1121 1624 vocavit.
1133 1569 1193 1625 Jattt

126 1655 168 1709 laia
185 1656 265 1728 ipris,
278 1653 382 1727 quoties
399 1653 503 1706 luxuria
527 1664 554 1706 et
573 1652 665 1724 inepta
686 1652 788 1707 accedit
807 1653 999 1723 redundantia,
1020 1656 1147 1723 todinm,
1164 1668 1194 1711 nt

125 1744 239 1816 ampliu·
248 1742 317 1798 nihil
325 1741 426 1808 dicam,
434 1759 489 1794 non
502 1740 676 1813 applausum,
690 1740 801 1797 eruditis
815 1756 931 1798 movent
942 1744 1015 1801 Sicut
1024 1745 1086 1814 illa,

273 1908 580 1930 ..................
596 1878 640 1942 qni
649 1878 717 1943 cogit
727 1880 790 1928 mori

267 1961 414 2018 Nolentem,
426 1961 454 2008 in
465 1976 536 2024 equo
548 1968 598 2019 cat,
607 1962 699 2025 quique
707 1974 879 2028 properantem
887 1965 998 2032 impedit.

268 2044 321 2093 Nec
334 2055 416 2092 tamen
428 2045 455 2092 in
465 2060 536 2108 reqno
545 2054 582 2092 eet
593 2060 601 2092 τ
611 2044 713 2093 alterum
724 2046 822 2109 gravina
834 2062 900 2097 reor.

268 2127 337 2176 Malo
350 2127 464 2192 imperari
475 2142 548 2192 qnam
561 2128 624 2192 cripi
638 2139 742 2178 mortem
754 2129 823 2179 mihi.

128 2296 269 2364 Quidlibet
281 2297 351 2349 enirn
364 2315 397 2350 ex
414 2295 464 2350 illis
479 2295 639 2350 sufficiehat.
653 2297 730 2351 Nunc
750 2317 803 2352 non
822 2297 960 2372 OEdipum
974 2301 1064 2375 loqui,
1083 2303 1132 2359 red
1150 2324 1192 2360 au·

127 2398 227 2439 ctorem
238 2383 330 2438 ludere
346 2396 372 2437 et
388 2397 496 2457 captare
514 2384 619 2458 copiam
638 2385 779 2458 intelligat.
799 2387 861 2442 Hoec
879 2389 1020 2460 prolixius,
1033 2391 1063 2445 in
1079 2395 1191 2465 gratiam

128 2491 222 2526 eorum
229 2511 238 2538 ,
247 2473 295 2545 qui
304 2492 461 2547 magnorum
470 2473 611 2528 hominum
622 2472 723 2545 judicia
736 2494 791 2528 non
802 2475 945 2539 estiment,
961 2477 1008 2532 red
1020 2481 1191 2552 pertinaciter

127 2559 283 2617 defendunt.
