2662 4800
469 382 600 452 uovi
623 386 887 456 solionis.
1135 381 1204 476 xvij

298 519 383 573 Musa
399 514 574 573 cothurnato
591 517 637 575 cui
655 517 737 576 dedit
749 537 801 575 ore
817 518 909 596 loqui,

224 612 368 670 Hactenus
382 607 502 685 antiquo
518 609 639 667 nimium
654 610 779 688 spoliata
794 609 906 679 nitore,

298 704 383 760 Nunc
398 712 492 758 tamen
509 699 546 758 ad
560 700 688 779 priscum
704 690 771 760 eisd
777 698 886 759 redisse
895 699 992 778 jubar,

224 797 262 852 Te
276 790 359 851 Balbi
373 792 534 850 meminisse
551 793 648 864 decet,
660 795 724 871 qui,
741 792 841 852 codice
856 795 948 852 multo

299 884 430 956 Collato,
445 884 507 942 baec
523 884 625 945 tribuit
640 906 761 945 munera
775 898 854 944 tanta
868 884 929 945 tibi.

222 977 369 1054 Multaque
382 976 566 1055 Vuollgango
580 978 703 1038 debetur
716 980 824 1057 gratia,
845 978 929 1056 cujus

297 1073 367 1127 Haec
381 1069 454 1127 uitet
467 1070 571 1128 artifici
586 1071 670 1130 litera
681 1091 780 1151 pressa
791 1091 888 1129 manu.

221 1165 262 1219 lte
277 1161 386 1220 alacres
400 1161 499 1239 igitur,
519 1165 670 1241 paucisne
685 1164 794 1242 parcite
810 1162 948 1234 nummis,

300 1252 426 1327 Quando
442 1268 539 1333 potest
554 1257 674 1315 minimo
687 1257 829 1315 maximus
844 1268 946 1314 auctor
962 1254 1027 1312 erni.

197 1376 250 1447 His
262 1375 420 1449 collectis
434 1374 620 1468 subsidiis,
634 1378 699 1452 ubi
713 1403 861 1451 manum
875 1376 1019 1449 admovi
1033 1380 1153 1474 operi,
1168 1375 1205 1448 id

161 1497 231 1568 mihi
243 1501 397 1596 primum
413 1506 578 1600 praecepi,
597 1517 637 1572 ut
651 1524 851 1600 numquam
866 1501 920 1571 vel
937 1499 1108 1581 meas,vel
1117 1498 1206 1591 plio-

160 1642 225 1689 rum
256 1622 481 1716 conjecturas
511 1625 715 1696 auctoritati
744 1627 1075 1719 manuscriptorum
1105 1637 1204 1694 vete-

159 1765 294 1840 mmque
316 1744 490 1817 librorum
519 1728 754 1835 anteferrem,
776 1745 1008 1844 intelligenda
1034 1743 1205 1817 exhiben-

159 1863 348 1954 tium3tunc
371 1867 601 1942 solummodo
620 1870 836 1965 conjecturis
861 1868 983 1941 locum
1007 1893 1084 1941 esse
1105 1868 1203 1940 arbi·
1269 1941 1272 1950 ,

159 1998 268 2077 tratus,
282 2015 396 2086 quum
416 2017 483 2064 nec
497 1991 677 2090 vulgatam
696 1993 891 2064 lectionem
908 1992 984 2063 ullo
996 1991 1108 2064 modo
1121 2016 1204 2090 pos·

157 2107 195 2178 sis
214 2116 460 2212 interpretari,
486 2141 553 2188 nec
581 2121 619 2187 in
643 2118 768 2214 priscis
790 2114 976 2189 codicibus
1000 2115 1201 2214 quidquam

157 2234 285 2307 remedii
306 2238 530 2310 inveniatur:
547 2239 880 2338 alioquinreceptis
903 2237 1120 2310 lectionibus
1139 2238 1203 2310 ad·

156 2350 362 2447 barendum,
376 2363 516 2433 etiamsi
538 2363 666 2434 melius
684 2361 821 2460 aliquid
838 2364 1032 2460 excogitari
1044 2376 1155 2460 queat
1168 2375 1204 2434 et

156 2480 374 2574 probabilius.
400 2488 484 2555 Non
507 2485 604 2556 euim
625 2486 835 2581 castigatum
853 2509 969 2580 usque
986 2498 1022 2555 et
1042 2485 1201 2582 perpoli-

152 2614 268 2676 tumet
291 2611 392 2677 omni
414 2631 568 2678 numero
588 2605 796 2679 absolutum
818 2611 1030 2706 scriptorem
1051 2609 1202 2703 requiri·

148 2749 217 2798 mus
232 2743 268 2799 et
282 2744 546 2828 exspectamus,
560 2729 621 2802 sed
634 2730 778 2827 qualem
794 2729 922 2813 habuit
933 2731 1148 2826 Antiquitas,
1160 2744 1201 2801 ut

144 2850 338 2938 virtutibus,
350 2853 446 2924 sicet
456 2854 614 2952 propriis
628 2851 824 2925 notabilem
839 2856 943 2940 vitiis,
958 2878 1039 2949 quae
1051 2854 1199 2939 servari,

140 2997 208 3044 nou
231 2976 353 3046 minus
378 3000 488 3073 quam
511 2977 605 3074 ipsas
626 2982 793 3059 virtutes,
816 2976 1054 3048 adtuendam
1080 2979 1200 3073 operis

138 3099 380 3195 integritatem
407 3097 559 3171 confert.
597 3102 688 3192 Quis
706 3100 849 3172 dubitet
867 3103 958 3197 quin
976 3101 1052 3170 sani
1071 3100 1200 3198 aliquis

130 3221 256 3316 judicii
283 3237 320 3294 et
347 3225 443 3295 acuti
470 3225 605 3321 ingenii
633 3227 681 3295 ita
717 3227 860 3295 Senecae
892 3238 1030 3295 textum
1061 3238 1201 3296 mutare

131 3348 260 3441 possit,
277 3360 318 3417 ut
330 3346 592 3417 reconcinnatae
606 3360 643 3417 et
656 3345 879 3443 interpolatae
892 3344 1074 3443 tragoediae
1088 3348 1200 3444 magis

129 3493 240 3566 quam
267 3468 388 3566 ipsum
417 3471 559 3540 Senecae
588 3493 683 3567 opus
713 3471 844 3541 criticis
871 3469 1057 3568 placeant?
1075 3475 1199 3566 Ipsum

127 3608 252 3665 tamen
288 3598 429 3666 Senecae
467 3619 560 3693 opus
598 3592 869 3681 exhibendum,
903 3595 1010 3693 quale
1047 3597 1199 3691 antiqua

126 3731 212 3787 aetas
230 3715 356 3786 mediae
379 3716 542 3804 tradidit,
560 3721 683 3789 nativo
704 3731 740 3788 et
760 3719 974 3815 incorrupto
994 3717 1133 3805 colore,
1162 3731 1198 3790 et

124 3838 302 3936 ablegatis
314 3842 469 3911 recentis
487 3838 692 3939 philblogiae
710 3840 962 3913 condimentis.
977 3847 1112 3914 Contra
1127 3843 1197 3940 ple·
1299 3892 1302 3899 ι

123 3964 233 4058 rique
253 3976 417 4060 receptas
445 3964 616 4035 lectiones
646 3979 821 4062 torquent
855 3978 1115 4061 exercentque,
1150 3990 1196 4036 ne
