2662 4800
203 315 250 410 ιν]
459 317 521 384 nn
547 315 718 384 ,inuno
745 315 937 398 sennen,
955 325 1023 382 etc.

203 437 379 518 contraxit,
396 453 526 524 poetam
538 458 607 500 sese
621 458 690 500 non
700 436 981 523 ‘jactasse‚‚quam,
994 455 1067 497 vere
1079 432 1280 499 ditissimum

203 547 320 629 fuisse,
337 546 395 635 qui
413 568 586 634 pauperem
603 568 638 610 se
654 545 750 611 dicat.

247 653 281 717 si
294 668 402 717 tamen
416 651 485 715 hec
496 650 622 731 omnia,
632 673 705 738 quae
715 650 888 738 hucusque
899 648 1058 729 diximus,
1070 670 1139 712 non
1149 649 1281 713 valeant

203 756 242 822 ad
267 754 503 821 defendendam
532 756 732 843 antiquitatis
761 753 875 836 fidem,
902 777 961 819 cur
985 752 1118 818 tandem
1145 754 1280 819 Seneca>

202 861 397 953 philosopho
419 860 546 949 aliquas
572 877 659 926 certe
685 861 809 925 fabulas
833 858 1076 924 adscribamus?
1099 858 1132 924 Si
1158 858 1280 924 deinde

201 983 289 1032 tanta
300 967 397 1031 fuerit
408 988 519 1030 earum
533 965 771 1048 dissimilitudo,
782 982 819 1030 ut
830 966 905 1029 alias
917 965 986 1029 aliis
993 964 1183 1030 auctoribus
1189 964 1279 1029 adei·

202 1094 300 1162 gnare
314 1093 444 1135 necesse
458 1071 518 1152 sit,
533 1093 592 1134 eur
605 1070 751 1135 Marcum
766 1070 1015 1135 declamatorem
1027 1069 1117 1133 illum
1132 1086 1277 1134 veterem

201 1176 435 1243 adhibeamus?
457 1175 583 1259 Quidni
601 1174 747 1242 dicamus
771 1178 970 1266 simpliciter,
993 1199 1160 1265 superesse
1181 1176 1279 1241 nobis

202 1284 424 1348 collectionem
452 1281 625 1369 quamdam
653 1279 881 1372 tragoediarum
909 1304 1135 1365 romanarum,
1161 1303 1279 1369 quaea

201 1389 305 1478 poetis
315 1384 509 1475 quibusdam
523 1387 643 1476 ignotis
652 1389 812 1464 venerint,
819 1388 1108 1475 auctoritatemque
1117 1387 1153 1452 L.
1161 1386 1278 1451 Annaei

202 1495 331 1559 Senecae
350 1508 472 1557 temere
494 1514 559 1581 prae
579 1515 614 1556 se
633 1491 759 1557 ferant?
786 1495 836 1557 De
859 1493 979 1581 quibus
998 1492 1149 1556 omnihus
1169 1514 1279 1581 quum

201 1602 321 1664 frustra
339 1597 405 1678 jam
427 1598 488 1661 viri
508 1596 596 1662 docti
617 1599 817 1686 quaesierint,
843 1597 996 1686 equidem
1018 1621 1086 1663 non
1107 1614 1279 1687 tamquam

202 1703 324 1794 aliquid
341 1704 418 1768 novi
435 1704 664 1791 propositurus
683 1704 752 1767 haec
770 1705 927 1768 hactenus
949 1703 1126 1791 disputavi,
1144 1701 1221 1786 sed,
1239 1717 1280 1767 ut

203 1808 412 1875 defenderem
438 1809 525 1872 illam
551 1809 759 1890 brevitatem,
784 1833 883 1898 quam
904 1810 938 1873 in
962 1808 1122 1897 opusculo
1144 1805 1186 1873 de
1211 1807 1279 1873 vita

203 1919 240 1982 L.
258 1915 371 1980 Annaei
393 1914 523 1979 Senecae
543 1916 742 2004 composito,
759 1933 792 1980 et
811 1917 888 1981 alias
905 1937 988 2004 saepe
1007 1930 1041 1979 et
1059 1914 1123 1979 hoc
1144 1913 1226 1978 loeo·
1242 1912 1278 1979 in

204 2021 316 2111 primis
335 2036 493 2108 sequutus
514 2043 599 2084 sum.
618 2020 731 2086 Taedet
747 2021 836 2086 enim
852 2021 963 2087 multis
981 2019 1146 2108 disputare
1162 2034 1279 2085 oontm

203 2151 274 2203 eos,
289 2127 361 2216 qui,
375 2128 519 2215 neglecta
531 2128 795 2192 testimoniorum
807 2144 953 2193 veterum
966 2127 1170 2208 auctoritate,
1182 2126 1279 2206 cujus

204 2235 266 2324 ipsi
297 2231 541 2323 quodammodo
569 2235 771 2324 impatientes
799 2251 896 2319 sunt,
931 2234 1032 2299 libero
1062 2230 1185 2313 judicio
1214 2253 1280 2298 suo

205 2340 396 2430 gloriantur,
419 2362 615 2429 causamque
637 2341 779 2408 historiae
800 2341 867 2407 sire
884 2339 1106 2420 dissimulant,
1123 2361 1182 2404 seu
1199 2361 1279 2428 per·

203 2461 344 2511 vertunt.
