2662 4800
309 107 372 176 DE
395 107 564 179 ANNAEO
586 107 782 195 SENECA,
797 119 867 179 etc.
1049 106 1132 201 xlvij

62 230 148 295 Dec.
173 228 347 309 Heinsius,
369 247 454 314 quos
478 224 598 292 deinde
619 250 697 293 cum
714 228 879 318 hmingio
901 230 1034 318 mquuti
1056 248 1135 296 sunt

59 334 261 401 recentiores
273 333 474 421 antiquitatis
489 333 691 424 elegantioris
705 333 846 417 judices,
863 336 925 414 sic,
940 350 980 402 ut
989 336 1135 403 Eschen·

60 439 202 531 burgius
219 441 318 507 amm
338 439 527 529 simpliciter
541 439 736 523 affirmaret,
754 443 956 507 centisimum
976 442 1035 512 ltoc
1053 467 1136 525 esso,

58 569 135 613 non
150 567 266 613 omnes
283 544 471 633 tragoedias,
494 545 615 633 quibus
636 545 769 611 Senecas
786 569 909 612 nomen
928 547 1137 630 inscribatur,

59 652 109 719 ab
124 651 242 719 eodem
261 669 396 720 auctore
413 651 548 716 venisse.
573 650 736 740 Equidem
757 652 791 716 iu
814 668 968 719 contextu
986 655 1135 743 opusculi

59 781 84 822 a
100 780 154 824 me
169 781 275 846 nuper
285 756 365 825 editi
381 757 492 823 mulus
506 756 547 822 de
561 756 624 822 hac
639 780 675 822 re
688 779 834 846 querere
848 757 956 839 nolui,
968 776 1136 847 propterea

58 862 157 952 quod
170 864 267 929 uulloe
280 863 389 931 adhuc
402 863 542 928 rationes
558 863 714 931 historicae
729 863 830 929 allatas
844 878 923 927 sunt
937 863 980 929 ab
995 863 1065 947 bis,
1081 866 1138 952 qui

59 990 150 1057 opus
171 967 252 1035 illud
276 966 524 1057 tragoediarum,
551 967 643 1055 quod
667 969 702 1033 in
726 967 880 1033 omnibus
902 968 993 1034 libris
1012 960 1140 1057 scriptis

62 1072 204 1161 (preter
212 1096 318 1139 unum
331 1071 479 1138 codicem
492 1072 738 1156 Florentinum,
748 1073 783 1139 in
795 1097 864 1162 quo
877 1072 969 1140 deest
978 1073 1139 1162 Octavia),

34 1239 42 1251 ,
60 1180 230 1268 integrum
246 1200 376 1267 semper
391 1178 565 1267 reperitur,
587 1178 776 1244 auctoribus
793 1179 905 1244 multis
925 1178 1139 1262 distribuere,

61 1307 105 1349 ac
122 1283 265 1373 singrrlss
282 1283 426 1367 fabulas,
448 1307 510 1373 pro
530 1281 660 1350 diverso
678 1283 837 1371 cujusque
853 1306 951 1349 sensu
967 1301 1001 1350 et
1014 1284 1140 1365 judicio

60 1392 100 1455 in
118 1389 324 1457 observanda
343 1414 455 1457 earum
473 1389 738 1457 dissimilitudine
753 1389 878 1478 aliqua,
896 1389 998 1456 modo
1015 1391 1140 1457 rhetori

61 1495 194 1573 bimur,
214 1494 314 1563 modo
331 1495 528 1585 philosopho
543 1495 692 1577 ejusdem
707 1494 791 1577 lilio,
808 1494 910 1563 modo
926 1496 1046 1586 ignotis
1064 1496 1139 1585 qui·

63 1600 205 1667 brmdam
226 1604 332 1691 poetis
353 1600 523 1691 adsignare
541 1603 726 1669 voluerumt.
744 1602 849 1666 Finita
867 1617 977 1667 autem
995 1602 1139 1669 editione

44 1735 48 1740 ·
63 1708 213 1788 Seneca
224 1730 326 1796 quam
337 1729 430 1774 more
439 1729 528 1775 novo
542 1708 575 1772 in
590 1707 760 1797 publicum
770 1707 880 1789 emisi,
894 1730 1000 1796 quum
1013 1710 1138 1775 occasio

63 1812 148 1879 milri
162 1812 342 1881 offerretur
361 1811 590 1879 conscribendi
611 1812 711 1879 libelli
729 1812 846 1892 hujus,
862 1811 944 1877 illud
963 1836 1138 1902 argumen-

63 1934 155 2002 tum,
170 1919 206 1983 in
222 1941 292 2007 quo
308 1919 402 1985 multi
417 1918 478 1983 riri
492 1916 580 1983 docti
592 1917 658 1999 jam
671 1918 881 1995 laborarunt,
901 1916 1012 1985 denuo
1028 1921 1138 2007 paucis

62 2023 326 2091 rectractandum
345 2025 424 2093 mibi
446 2025 581 2114 sumpsi.

82 2158 87 2169 ·
109 2131 244 2199 Veteres
257 2129 394 2220 quidem
409 2131 538 2196 criticos
555 2153 669 2219 parum
685 2130 842 2197 sollicitos
856 2131 955 2196 lusisse
968 2132 1002 2195 in
1019 2130 1137 2198 distin·

62 2235 204 2327 guendis
217 2236 409 2303 nominibus
425 2237 600 2303 hominmn
614 2234 804 2317 doctorum,
816 2234 956 2299 vidimus
965 2235 1032 2316 jum
1046 2236 1138 2319 inde,

61 2341 157 2432 quod
171 2342 373 2431 praenomina
387 2343 487 2411 Marci
500 2358 535 2407 et
551 2341 642 2407 Lucii
657 2340 692 2404 in
709 2340 838 2405 Anuaeis
855 2337 1004 2424 duobus,
1021 2342 1138 2407 saeculo

62 2447 174 2515 adhuc
191 2448 287 2531 XVI,
306 2471 326 2515 a
343 2448 539 2536 quibusdam
558 2448 653 2537 plane
675 2447 819 2536 neglecta
841 2462 929 2512 sunt.
949 2445 1033 2513 Inde
1049 2447 1136 2515 haud

64 2552 166 2619 dubie
187 2553 311 2620 facum
327 2569 396 2632 est,
419 2570 506 2621 utet
523 2553 713 2630 Petrarcha,
734 2553 815 2619 dum
832 2571 1046 2619 monumenta
1062 2556 1136 2643 phi·

63 2658 223 2749 losophice
244 2659 361 2724 veteris
388 2675 421 2723 et
445 2659 480 2722 in
510 2660 621 2747 primis
648 2659 782 2740 Stoice,
806 2659 900 2740 cujus
926 2660 1042 2747 placita
1068 2661 1136 2749 ipse

64 2763 213 2846 recolrrit,
222 2780 255 2828 et
264 2763 453 2829 hominibus
465 2766 566 2831 emtis
577 2788 644 2830 suae
655 2763 906 2844 commendavit,
914 2766 1136 2852 perquirebat,

67 2892 169 2959 quum
198 2869 343 2959 primum
369 2871 484 2937 Annam
514 2871 643 2935 &necte
669 2891 792 2936 nomen
820 2868 882 2934 illis
910 2869 939 2933 X
973 2871 1136 2960 tragoediis

67 2975 260 3066 inscriptum
276 2975 464 3063 reperisset,
489 2977 599 3041 statim
621 2974 853 3065 philosophum
871 2975 1007 3041 Lucium
1024 3000 1136 3043 earum

67 3097 234 3147 auctorem
266 3095 466 3170 agnosceres
500 3079 654 3162 Accedit,
684 3079 774 3168 quod
803 3080 857 3144 bic
888 3081 1094 3168 potissimum
1116 3105 1135 3147 a

68 3185 283 3274 grammaticis
299 3186 464 3251 veteribus
483 3186 618 3251 nomine
638 3184 768 3251 Senecae
784 3185 973 3274 simpliciter
987 3187 1136 3255 laudatus

69 3292 116 3359 sit
147 3293 267 3379 Quum
290 3291 390 3380 igitur
416 3290 545 3357 codices
574 3291 687 3380 scripti
717 3313 831 3357 omues
861 3307 948 3357 certe
974 3293 1134 3358 Annaeum

68 3390 221 3465 sensam
239 3397 358 3463 harum
377 3396 564 3463 bbrrlarnm
584 3412 752 3461 auctorem
773 3395 935 3478 dicerent,
954 3412 987 3461 et
1004 3399 1135 3485 plurimi
1275 3484 1277 3490 Ι

72 3516 189 3569 veteres
198 3500 421 3592 grammatici,
438 3516 477 3566 ut
491 3517 571 3566 sunt
580 3499 821 3586 Quintilianus,
833 3498 979 3565 Valerius
996 3502 1137 3590 Probus,

71 3603 298 3688 leentiam,
316 3606 515 3688 Priscianus,
534 3608 604 3689 alii,
623 3629 663 3672 cx
682 3607 733 3673 his
749 3606 827 3696 ipsis
846 3603 992 3685 eiusdem
1009 3607 1138 3678 Senecae

76 3711 228 3799 cupediis
257 3712 403 3803 pingulos
432 3713 530 3781 etiam
560 3735 672 3779 versus
702 3712 912 3802 allegassent,
943 3715 1033 3780 nulla
1057 3718 1138 3782 oriri

979 3826 1014 3891 cl
