2662 4800
231 377 333 448 UNO
356 377 727 448 TRAGOEDIARUM
750 376 974 449 AUCTORE.
1117 371 1138 463 lj
1212 457 1216 464 ¹

65 500 189 590 tragica
208 498 351 564 multum
366 513 513 564 versatus
532 516 634 575 esset,
652 499 722 564 hec
739 515 827 564 tanta
843 497 1002 563 modestia
1018 495 1053 559 in
1071 516 1144 559 ver·

64 604 177 672 tendis
202 603 401 693 quibusdam
427 604 585 670 versibus¹
600 606 711 694 graecis
734 605 878 669 venerit?
903 603 1053 691 Denique
1076 622 1144 664 non

63 726 134 792 est,
151 732 212 774 cur
236 733 276 775 ex
299 709 460 774 sententia
480 709 580 775 Delrii
601 720 719 774 novem
744 709 910 798 tragoedias
926 707 1144 798 philosopho,
1188 719 1192 731 ¹

64 815 228 882 decimam
247 838 325 880 reru
344 816 510 881 Octaviam
530 815 645 904 ignoto
668 815 798 881 cuidam
815 831 919 904 poete
939 814 1153 878 tribuamus:¹

66 944 144 987 uam
158 921 333 986 verisimile
357 937 427 1003 est,
449 923 598 987 Marcum
613 924 773 987 Annaeum
791 922 946 986 Senecam
961 920 1143 1001 juniorem,

67 1025 227 1093 Gallionis
243 1025 365 1110 filium,
389 1026 507 1092 ultimo
528 1027 596 1092 iere
616 1027 737 1093 Tiberii
759 1050 865 1109 anno,
891 1048 948 1090 seu
965 1025 1145 1113 imperante

64 1134 165 1200 etiam
174 1133 319 1222 Caligula
332 1148 463 1215 ustum,
476 1134 528 1198 vel
537 1148 613 1223 post
622 1151 762 1199 mortem
774 1133 881 1222 patrui
892 1131 960 1213 sui,
971 1130 1006 1195 in
1016 1151 1144 1194 secessu

64 1237 288 1322 Cordubensi,
308 1255 346 1304 ut
360 1237 500 1321 videtur,
521 1238 703 1306 diutissime
722 1241 850 1305 vixisse.
872 1240 949 1304 llaec
971 1235 1013 1301 de
1032 1236 1145 1300 Marco

65 1344 150 1409 mihi
166 1343 307 1411 dicenda
323 1344 427 1411 fuere.

111 1453 200 1535 lam,
225 1450 317 1541 quod
342 1453 458 1518 attinet
481 1450 680 1517 adulteram
709 1453 905 1517 seutentiam
930 1472 1063 1531 eorum,
1089 1448 1146 1536 qui

66 1558 160 1623 Lucii
173 1558 402 1623 auctoritatem
417 1558 613 1647 praeferunt,
631 1557 785 1646 equidem
800 1556 929 1644 opinor,
943 1554 1096 1642 idemque
1109 1553 1144 1617 in

64 1664 229 1753 opusculo
245 1685 319 1728 meo
337 1686 410 1729 sum
427 1663 612 1753 professus,
628 1663 811 1729 Antonium
823 1661 971 1726 Delrium
988 1660 1046 1749 (in
1060 1659 1144 1745 Syn-

65 1781 168 1858 tagm.
188 1781 273 1857 trag.
294 1767 351 1833 lat.
370 1792 403 1857 p.
421 1770 464 1847 64
481 1767 580 1857 sqq.)
599 1768 649 1833 vel
667 1783 742 1832 ante
765 1767 926 1832 ducentos
943 1788 1047 1830 annos
1065 1765 1144 1829 huic

65 1894 174 1938 eausae
189 1874 256 1939 iere
273 1874 480 1957 satisfecisse,
496 1892 595 1963 atque
607 1872 787 1939 identidem
803 1873 937 1936 miratus
951 1892 1042 1953 sum,
1056 1869 1145 1935 unde

66 1979 167 2044 nobis
180 1978 214 2044 id
223 1979 391 2061 acciderit,
406 1996 459 2062 ut,
473 1980 627 2069 neglectis
640 1979 822 2044 rationibus
834 1977 1012 2058 historicis,
1023 1974 1146 2056 judicio

67 2106 185 2150 sensus
196 2084 230 2148 in
245 2086 305 2149 hac
319 2106 355 2148 re
367 2085 441 2172 plus
454 2085 654 2166 tribuamus,
669 2107 769 2173 quam
779 2083 972 2148 testimoniis
987 2099 1145 2148 veterum.

67 2189 230 2256 Omnium
242 2191 387 2278 primum
401 2208 512 2256 autem
526 2191 601 2256 satis
614 2206 756 2272 constat,
767 2189 804 2254 L.
815 2191 977 2254 Annoeum
990 2188 1146 2252 Senecam

65 2294 305 2384 philosophum
318 2318 393 2360 rere
404 2296 501 2361 etiam
518 2313 649 2386 poetam
665 2296 775 2361 fuisse.
791 2295 875 2360 Nem
890 2311 924 2359 et
936 2293 1067 2358 Tacitus
1082 2293 1147 2358 hoc

65 2400 226 2484 affirmet,
246 2417 281 2466 et
298 2402 522 2487 Quintilianus
539 2426 578 2467 ac
600 2403 724 2467 Plinius
739 2401 864 2482 junior.
887 2403 927 2466 lu
943 2401 994 2464 his
1013 2400 1147 2484 Quinti·

66 2508 176 2573 liunus
186 2507 284 2573 etiam
294 2530 335 2573 ex
349 2507 484 2588 Medea,
497 2531 596 2597 quem
605 2508 735 2572 Senecae
744 2505 837 2588 dicit,
847 2529 978 2571 versum
991 2500 1144 2572 recitavit

67 2613 181 2696 Quem
206 2611 327 2678 deiude
355 2613 485 2701 sequuti
512 2629 591 2678 sunt
622 2612 822 2702 grammatici
851 2612 962 2701 plures
994 2611 1006 2696 (
1028 2610 1064 2675 in
1095 2612 1146 2677 his

65 2718 217 2784 Valesius
236 2718 380 2795 Probus,
404 2736 437 2784 et
459 2720 529 2808 ipse
550 2718 690 2807 scriptor
711 2719 818 2783 saeculi
841 2717 979 2807 primi),
1000 2740 1145 2806 quorum

64 2825 245 2890 auctoritas
267 2825 405 2888 omnino
424 2823 623 2913 praeferenda
645 2825 776 2889 videtur
797 2823 934 2890 Sidonio
952 2823 1146 2912 Apollinari,

66 2929 138 2994 iere
153 2928 217 2992 sub
234 2927 333 2993 linem
350 2929 460 2993 seculi
484 2930 590 3017 quinti
606 2929 649 2994 de
666 2930 843 2996 triumviris
861 2929 932 2994 istis
950 2927 1147 2994 Corduben·

66 3032 161 3098 sibus
184 3034 326 3099 canenti.
352 3035 573 3118 Quintilianus
595 3058 674 3101 vero
696 3033 786 3099 haud
807 3034 908 3100 dubie
928 3035 964 3100 L.
985 3039 1146 3102 Annaeum

67 3139 227 3205 Senecam
245 3138 370 3205 Medeae
391 3157 558 3206 auctorem
580 3140 672 3206 dixit.
697 3141 782 3206 Nem
806 3141 881 3206 alies
904 3163 1038 3229 quoque
1059 3140 1148 3206 idem

67 3245 306 3334 philosophum
341 3246 434 3311 illum
461 3271 500 3312 ac
528 3264 761 3336 preceptorem
789 3247 930 3312 Neronis
959 3247 1149 3337 simpliciter

68 3351 226 3419 sensam
243 3353 403 3442 appellare
420 3339 511 3420 solet.
531 3356 565 3420 Si
582 3355 641 3445 qui
656 3377 734 3420 vero
749 3355 934 3420 auctoritati
948 3355 1017 3436 ejus
1033 3357 1067 3419 in
1083 3357 1149 3421 hoc

69 3480 139 3523 uno
156 3458 344 3524 cedendum
362 3481 433 3525 esse
447 3459 612 3542 judicant,
630 3460 711 3524 nihil
729 3460 885 3549 impedit,
903 3483 972 3548 quo
988 3461 1097 3525 minus
1115 3477 1149 3524 et

70 3562 210 3652 reliquus
238 3563 362 3629 fabulas
389 3565 496 3630 eidem
520 3564 717 3654 philosopho
742 3565 949 3646 addicamus,
975 3567 1037 3629 nisi
1061 3565 1147 3631 forte

72 3688 185 3734 sensus
208 3669 342 3758 quida·
361 3672 472 3736 nescio
492 3671 585 3752 cujus
607 3669 894 3752 dissimilitudinis,
915 3694 989 3758 quae
1009 3671 1096 3735 inter
1115 3672 1147 3736 X

74 3772 139 3838 illas
159 3774 327 3865 tragoedias
345 3776 545 3842 intercedere
570 3776 729 3853 videatur,
748 3777 813 3842 hoc
834 3777 956 3866 exigat,
979 3793 1146 3843 utcontra

75 3874 167 3951 fidem
183 3881 332 3945 omnium
353 3882 512 3947 librorum
535 3906 641 3948 unum
664 3883 729 3948 hoc
747 3906 830 3972 opus
849 3883 1010 3972 tragicum
1030 3883 1146 3949 dissol·
1212 3924 1216 3936 ·

77 4002 205 4068 remus,
235 3986 370 4074 ejusque
399 3989 571 4075 particulas
603 3989 745 4077 singulas
776 3988 924 4077 pluribus
956 3990 1147 4056 auctoribus
