2662 4800
511 361 815 432 DISSERTATIO.
1117 368 1200 436 xxix

142 483 291 547 imitatus.
313 479 398 545 Nam
421 503 543 568 quum,
572 497 610 546 ut
627 505 815 572 praenomeu
834 485 934 550 Marci
950 483 1099 569 adderet,
1130 511 1199 554 nou

140 589 339 678 permitteret
355 599 512 669 metrum,
527 588 627 652 alium
642 588 740 653 fuisse
758 589 900 654 ostendit
914 612 1013 678 quam
1038 593 1096 680 qui
1122 617 1199 660 cum

139 693 322 781 Pomponio
336 691 472 786 rivcbat.
498 693 617 757 Lucius
634 693 911 781 quemadmodum
926 697 961 759 iu
976 698 1062 780 aliis,
1084 699 1127 763 ita
1145 699 1200 764 hic

137 798 311 886 Pomponii
324 796 485 878 judicium
495 797 645 886 neglexit.
661 797 779 862 Saltem
792 799 827 863 in
839 799 890 863 his
901 800 1004 865 tribus
1017 825 1198 892 numquam

137 919 184 967 cst
206 918 349 987 secutus.
376 903 490 967 Plures
508 925 585 967 vero
605 925 768 991 nusquam
792 904 823 968 ei
858 905 1058 973 tribuuntur.
1092 910 1199 974 Semel

136 1030 211 1072 vero
227 1008 381 1073 Marcus:
397 1007 431 1071 in
454 1006 626 1096 OEdipode
642 1008 811 1089 nimirum,
827 1009 885 1072 ubi
903 1008 1035 1096 plurimi
1052 1010 1198 1103 dactylici

136 1113 168 1176 in
184 1114 305 1196 choro,
329 1114 386 1201 qui
403 1135 442 1177 ex
458 1114 568 1177 metris
586 1129 714 1178 constat
727 1123 862 1189 ἀτάκτοις,
877 1115 1072 1204 junguntur.
1099 1118 1138 1182 Id
1154 1104 1199 1184 ita

137 1218 281 1283 studiose
296 1218 484 1284 Graecorum
499 1218 601 1282 critici
619 1218 793 1302 notabant,
810 1236 850 1285 ut
872 1220 1036 1309 plerisque
1052 1203 1198 1289 versibus

138 1345 201 1388 uon
218 1324 260 1388 ab
277 1324 462 1405 inventore,
485 1323 543 1388 sed
559 1324 600 1388 ab
625 1347 664 1389 eo
687 1325 746 1412 qui
762 1326 951 1413 frequenter
971 1326 1010 1390 iic
1030 1343 1199 1410 uteretur,

137 1453 257 1496 nomen
269 1431 449 1520 posuerint.
466 1431 516 1494 Ita
530 1429 670 1513 docent,
685 1431 802 1496 Teium
819 1435 1075 1514 Anacreontem,
1092 1457 1198 1522 quum

139 1536 273 1601 Athenis
301 1552 385 1601 esset
410 1560 448 1601 ac
473 1553 593 1601 amaret
617 1537 769 1618 Critiam‚
788 1559 895 1625 neque
921 1561 1037 1627 parurn
1060 1539 1198 1605 lectione

140 1641 279 1730 AEechyli
297 1642 524 1725 delectaretur,
543 1643 795 1708 Anacreonticos
812 1644 882 1724 ejus
899 1645 1047 1733 exemplo
1065 1647 1197 1728 secisse,

141 1751 192 1836 qui
207 1750 273 1813 hoc
294 1772 413 1813 nomen
432 1766 544 1839 postca
560 1749 785 1815 obtinuerunt.
809 1751 929 1816 Lucius
952 1753 1100 1840 vulgaras
1118 1753 1198 1842 Sap-

141 1853 249 1940 phicos
265 1875 352 1917 novo
363 1851 447 1942 pede
460 1853 495 1916 in
511 1852 655 1917 secundo
673 1853 783 1942 fregit3
802 1854 911 1943 itaque
924 1871 1057 1943 propter
1068 1872 1196 1945 tempo·

142 1980 207 2021 rum
224 1958 449 2046 aequalitatem.
465 1959 571 2045 Atque
584 1958 648 2021 hoc
660 1956 705 2021 illi
720 1957 788 2022 fere
801 1976 850 2023 cst
862 1975 1067 2050 perpetuum.
1094 1962 1196 2027 Troa-

144 2061 253 2145 dibus,

292 2194 334 2246 An
344 2192 395 2247 tub
408 2191 545 2247 OEchaliia
556 2191 685 2248 latebrosa
695 2192 795 2267 tylvia?

144 2331 218 2398 sicut
233 2331 353 2421 legitur
367 2332 402 2396 in
421 2330 559 2421 scriptis.

292 2479 334 2531 Au
344 2477 416 2531 ferax
429 2476 496 2532 rarii
509 2477 604 2549 lapidis
617 2476 742 2550 Carysto·
754 2431 781 2530 ἓ,

291 2566 372 2639 Trojc
383 2585 437 2639 qua
444 2567 532 2638 jaceat
543 2565 651 2637 regione
663 2578 822 2620 monstrant.

141 2695 333 2784 flitmum,

291 2818 410 2890 Quoeqne
422 2816 456 2870 ad
468 2815 608 2890 Hesperien
620 2818 691 2889 jacet
705 2833 752 2869 ora
766 2828 858 2870 metat.

137 2964 233 3047 Quod
249 2987 268 3028 a
285 2964 521 3029 correctoribus
540 2978 702 3027 mutatum
718 2979 777 3029 cst.
793 2963 837 3027 Ut
852 2979 885 3027 et
900 2962 997 3040 illud,

289 3102 318 3156 si
331 3121 384 3176 qua
398 3101 542 3157 Parrhasia
552 3101 667 3174 glacialia
678 3101 762 3156 Urae.

132 3239 264 3323 medea,

292 3361 403 3417 Sumere
413 3361 565 3416 innumerae
577 3361 682 3415 solitum
692 3360 813 3432 figurant

129 3524 174 3588 Et
184 3523 320 3586 sortasse
331 3544 399 3585 nou
411 3524 522 3609 pauci,
535 3525 592 3610 qui
605 3540 683 3587 sunt
699 3523 854 3611 corrupti.
871 3524 988 3588 Hociu
1003 3524 1117 3594 Marco
1131 3548 1200 3589 uon

128 3627 276 3691 invenies
292 3627 393 3714 magis
411 3648 509 3714 quarn
523 3627 557 3689 in
571 3626 695 3691 Flacco.
714 3629 809 3691 Unus
832 3642 953 3709 exstat,
970 3651 1068 3714 quem
1083 3651 1197 3693 corru-

127 3747 226 3821 ptum
245 3753 315 3795 esse
334 3729 453 3794 eruditi
470 3730 709 3796 ostenderunt:
726 3730 817 3819 quod
839 3747 873 3796 et
896 3732 1004 3821 ipsum
1028 3733 1102 3796 libri
1121 3756 1196 3799 cum

126 3838 258 3901 ratione
280 3836 454 3918 evincunt,
476 3852 570 3900 utet
594 3835 800 3901 cousuetudo
822 3852 937 3925 poetae.
964 3838 1007 3901 At
1035 3838 1199 3904 character

108 3946 323 4032 ‘utriusque,
343 3959 430 4008 utet
447 3967 576 4027 sermo,
602 3945 743 4009 multum
760 3942 891 4009 distant.
908 3944 1009 4009 Marci
1025 3946 1111 4013 euim
1126 3947 1199 4036 plus

1015 4047 1054 4119 bl
