2662 4808
432 355 740 423 DISSERTATIO.
1022 378 1117 424 xxxv

63 470 164 538 Nullas
174 473 475 538 scimusimminerc
485 475 621 537 mortuis
632 473 862 555 tenebras,nec
871 495 1043 547 carcerem,
1058 495 1119 536 nec

59 575 187 642 lumina
198 575 460 667 flagrantiaigue,
470 579 707 643 necoblivionis
718 601 928 660 amnem,nec
936 577 1120 656 tribunalia,

58 703 112 746 uec
124 705 201 745 reos
211 683 297 746 ullos
312 683 345 745 in
357 683 410 746 illa
420 682 567 746 libertate
579 699 645 745 tarn
659 682 748 763 laxa;
764 682 869 746 nullos
882 684 1000 747 iterum
1017 699 1124 771 tyran·

55 810 122 852 nos.
136 787 307 852 luserunt
317 788 377 852 ista
387 805 507 877 poetae,
524 803 555 852 et
566 788 655 852 vanis
670 810 730 851 nos
742 788 898 878 agitavere
912 788 1122 859 terroribus.»

55 892 131 957 Tale
146 891 240 982 apud
255 893 400 958 Marcum
417 894 518 959 nihil:
543 916 618 957 nam
633 916 710 957 cum
732 893 801 973 ejus
816 891 966 957 dramatis
984 909 1015 956 et
1029 915 1123 982 argu·

55 999 171 1062 mentis
191 999 258 1062 hoc
276 1015 408 1088 pugnat.
429 1000 467 1063 lu
486 1000 589 1087 prima
608 999 695 1063 enim
714 999 870 1064 Hercules
889 1021 926 1063 ac
942 997 1086 1063 Theseus
1103 1020 1122 1060 a

54 1102 219 1167 defunctis
244 1102 392 1169 redeunt
416 1106 454 1169 ln
489 1104 630 1194 Thyeste
655 1105 797 1185 Tantali,
823 1106 856 1167 in
881 1108 1123 1194 Agamemnone

54 1210 207 1298 Thyestis
218 1209 335 1274 umbra
348 1212 381 1274 in
396 1234 525 1276 scenam
537 1213 635 1276 venit.
654 1214 692 1275 In
704 1209 875 1298 OEdipode
888 1208 1034 1274 defuncti
1050 1232 1125 1273 evo-

55 1330 192 1397 cantur,
219 1331 253 1379 et
271 1316 405 1380 Homeri
428 1326 513 1380 assuta
533 1318 734 1404 exprimitur.
755 1317 805 1380 Ibi
820 1317 906 1379 enim
924 1315 1024 1379 habes
1040 1315 1125 1378 anti·

56 1418 254 1509 quissimum
271 1445 332 1510 pro
352 1423 467 1486 animae
487 1422 744 1504 immortalitate,
763 1419 854 1509 quod
872 1420 1013 1509 exceptis
1029 1421 1126 1485 sacris

58 1543 177 1607 exstat,
195 1528 428 1592 testimonium.
450 1529 532 1612 Quae
550 1528 661 1616 opinio
684 1526 742 1591 diu
765 1544 840 1590 ante
860 1523 1071 1614 Pherecyden
1095 1525 1128 1588 iu

57 1630 179 1696 Grncia
194 1632 355 1713 exstabat,
367 1649 400 1697 et
416 1655 491 1696 cum
503 1631 680 1720 disciplinis
698 1648 747 1695 est
758 1645 842 1694 nata'.
851 1629 1026 1718 AEschylus
1037 1651 1125 1711 vero,

56 1734 247 1827 Euripides,
264 1761 302 1803 ac
314 1737 508 1827 Sophocles,
521 1760 582 1826 pro
598 1736 746 1801 confesso
760 1735 795 1799 id
807 1751 953 1800 sumunt.
970 1736 1123 1818 Quorum

60 1864 126 1906 non
143 1844 313 1909 sententie
329 1843 448 1925 modo,
466 1865 580 1907 verum
597 1842 692 1906 etiam
709 1841 897 1906 oeconomiae
916 1857 1013 1928 atque
1028 1862 1125 1930 argri-

60 1965 190 2031 mcnta,
208 1949 363 2038 opinione
379 1950 440 2013 ista
455 1949 618 2013 nituntur.
633 1946 750 2034 Neque
764 1947 854 2011 aliter
869 1946 1067 2034 loquuntur,
1085 1969 1127 2011 ne

60 2070 220 2135 evertant,
236 2054 328 2142 quod
347 2070 487 2143 ponunt.
512 2053 617 2117 Etiam
640 2054 674 2116 iu
690 2052 872 2117 Troadibus
889 2051 1054 2140 Polyxena
1074 2052 1127 2116 cui

60 2160 180 2225 nubit?
191 2164 312 2225 Annon
330 2160 467 2242 Achilli,
486 2160 578 2241 cujus
594 2161 662 2248 ipse
675 2158 800 2222 idolum
813 2157 987 2223 describit?
1001 2159 1128 2241 Quodsi

61 2266 176 2329 animae
194 2282 269 2354 post
284 2266 412 2330 obitum
430 2281 509 2330 suut
529 2265 629 2346 nihil,
654 2287 695 2328 ne
714 2263 799 2328 idola
816 2263 948 2351 quidem
964 2288 1033 2330 esse
1050 2288 1127 2353 pos·

60 2386 154 2453 sunt3
184 2395 257 2459 quae
272 2383 419 2453 κηνΰγματα
439 2372 479 2436 ab
507 2370 683 2458 AEschylo,
709 2385 742 2435 et
771 2393 837 2457 quo
866 2387 979 2435 notam
1008 2372 1128 2436 meruit

61 2478 365 2566 grammaticorum,
382 2486 462 2556 stus
478 2476 643 2541 dicuutur.
659 2476 807 2539 Primum
822 2474 863 2539 ab
880 2477 1044 2558 Homero,
1059 2498 1126 2564 quo

58 2583 123 2662 jam
134 2582 277 2647 diximus
287 2584 380 2664 loco,
396 2582 587 2647 fabricatum
599 2598 664 2662 est,
679 2596 712 2646 et
723 2581 887 2669 ingentem
905 2596 1017 2669 postea
1030 2603 1127 2646 usum

63 2689 188 2755 habuit.
210 2692 314 2779 lgitur
330 2690 515 2780 vulgarem,
533 2690 609 2777 quia
625 2687 829 2777 dispositioni
845 2688 1021 2770 serviebat,
1046 2712 1128 2776 prae·

64 2798 240 2859 termittere
256 2819 326 2881 non
335 2797 437 2861 voluit
448 2819 456 2860 :
467 2818 579 2878 suam,
596 2795 653 2859 ubi
666 2795 804 2858 maxima
820 2810 869 2858 est
884 2811 988 2882 poetas
1006 2795 1127 2884 tmgico

64 2901 213 2984 libertas,
240 2900 275 2963 in
291 2900 393 2965 choro
413 2900 595 2989 proposuit.
625 2901 667 2964 Et
686 2899 726 2963 dc
746 2899 797 2962 his
814 2899 947 2986 quidem
963 2898 1130 2964 hactenus.

65 3005 142 3070 Tres
161 3022 293 3070 restant.
312 3006 459 3088 Quarum
478 3005 518 3069 de
531 3004 824 3086 duabus,Herculc
843 3005 876 3066 in
896 3005 980 3069 OEta
994 3021 1027 3069 et
1043 3007 1130 3070 The·

66 3110 171 3192 baide,
178 3133 240 3178 suo
249 3134 266 3174 a
276 3111 370 3175 nobis
381 3110 454 3175 loco
466 3107 655 3197 dicetur(1).
665 3109 804 3174 Octaviae
814 3126 929 3174 auctor
938 3110 1052 3174 triviali
1061 3134 1131 3176 mo·

98 3338 138 3404 (r)
154 3335 198 3389 stc
212 3334 334 3389 Heinsius
346 3335 399 3389 alio
412 3334 473 3390 loco
485 3335 520 3391 de
529 3334 683 3390 Thebaide:

98 3423 225 3475 -ssbuts
247 3423 451 3490 Declamstoris,
471 3422 585 3495 ideoque
608 3419 718 3493 indigus
739 3438 848 3493 prorsus
869 3420 917 3476 ists
940 3422 1036 3487 laude,
1052 3441 1133 3495 quam

66 3530 119 3564 nou
136 3528 217 3565 nemo
235 3530 290 3566 non
304 3531 318 3565 e
332 3515 414 3584 vulgo
431 3515 457 3566 ei
476 3514 578 3566 tribuit.
599 3516 637 3565 Ac
656 3514 758 3586 primo,
774 3511 847 3585 quosl
865 3511 900 3565 ad
918 3512 1133 3585 inscriptionem,

66 3602 258 3671 cujuscumque
281 3600 389 3654 taudem
406 3601 455 3664 sit,
476 3600 568 3673 inepta
593 3613 644 3664 est,
669 3618 721 3654 uec
746 3612 901 3672 argumento
924 3600 1062 3662 convenit,
1084 3600 1133 3654 uisi

68 3705 159 3740 omues
179 3687 308 3741 hactenus
327 3688 431 3760 antiqui
449 3688 534 3741 critici
552 3705 600 3741 uos
616 3688 721 3742 fallunt.
742 3687 826 3754 Nam,
845 3688 868 3741 si
884 3686 1000 3741 Thebais
1019 3686 1133 3742 dicenda

67 3778 131 3841 erit,
142 3779 205 3850 qsria
220 3778 256 3831 ibi
269 3790 307 3833 cst
321 3797 415 3846 scena,
433 3793 459 3833 et
472 3792 501 3833 ut
515 3780 599 3833 critici
617 3782 775 3852 loquuntur,
788 3784 826 3836 ὅτι
844 3785 868 3835 is
884 3780 957 3850 cuttu
967 3783 1087 3852 astemus
1101 3784 1134 3839 τὰ

68 3872 222 3941 πράγματα,
232 3889 314 3941 quare
331 3887 386 3923 uon
403 3882 429 3924 et
444 3871 571 3924 Hercules
591 3871 700 3935 furens,
722 3882 778 3924 tum
794 3871 929 3943 Euripidis
942 3882 998 3925 tum
1012 3872 1135 3940 Senecae,

69 3956 189 4030 OEdipus
202 3959 265 4011 item
277 3959 418 4032 Sophoclis
429 3960 505 4024 slter,
517 3960 632 4015 Thebais
643 3960 765 4015 dicetur?
782 3961 857 4016 Idem
873 3961 907 4015 de
918 3962 1056 4036 Euripidis
1069 3965 1133 4017 Bac·
