2662 4800
216 366 299 464 xviij
361 359 366 371 ’
608 369 886 438 PRAEFATIO

216 502 404 574 occasione
417 502 474 573 sui
490 500 705 575 ostendendi
715 505 852 600 ingenii
867 515 1030 591 carennt3
1044 516 1107 572 aut
1124 525 1197 573 uno
1213 526 1284 572 sun

216 629 460 724 manuscripto
474 628 522 697 ita
542 625 703 723 gaudent
721 640 758 697 et
770 626 986 724 gloriantur,
1009 639 1193 698 utcontra
1211 650 1282 697 cee-

217 766 378 822 terorum
390 748 565 821 librorum
576 747 686 822 fidem
695 751 819 840 multa,
828 751 986 848 legentes
998 776 1074 822 non
1086 764 1282 836 moratura,

215 871 434 943 subvertant.
450 877 528 942 Hoc
547 873 586 941 in
606 872 831 943 Gronovium
851 872 889 942 in
911 873 1036 969 primis
1054 870 1189 942 dictum
1209 894 1282 967 pu-

215 994 281 1064 tari
305 1007 439 1090 potest,
457 1017 586 1091 quem,
604 992 768 1063 doctrina
791 1017 876 1065 saue
902 1007 939 1065 et
960 994 1096 1090 ingenii
1114 994 1283 1064 acumine

214 1116 463 1201 excellentem,
494 1114 583 1186 nulli
613 1114 813 1187 secundum
835 1120 985 1189 Veteres
1018 1113 1282 1213 interpretandi

214 1239 320 1310 laude
342 1262 470 1310 omnes
489 1236 667 1311 latentur:
685 1237 748 1310 sed
766 1239 975 1311 Florentino
998 1263 1066 1323 suo
1084 1237 1166 1335 plus
1181 1237 1284 1331 justo

212 1358 395 1431 confidere
412 1359 502 1430 mihi
521 1361 685 1449 videtur,
707 1386 823 1458 quum
841 1387 917 1433 non
937 1362 1057 1439 solum
1072 1359 1226 1432 obscura
1245 1375 1284 1430 et

214 1482 343 1571 dubia,
361 1508 407 1555 eo
426 1499 574 1556 auctore
595 1486 767 1582 castiget,
798 1483 859 1557 sed
887 1485 981 1557 clara
1008 1487 1085 1583 ipsa
1108 1508 1176 1555 nec
1195 1506 1283 1555 sen·

212 1610 361 1696 tentiae,
384 1623 447 1679 aut
469 1611 729 1681 sententiarum
751 1611 1016 1680 connexionem
1045 1604 1285 1705 impedientia

211 1745 430 1828 praepostere
448 1732 632 1819 immutet,
656 1756 703 1802 ne
727 1732 793 1802 uni
816 1731 911 1803 libro
933 1733 1008 1802 non
1032 1743 1165 1828 pareat.
1186 1729 1286 1800 Mul·

208 1866 288 1922 tum
301 1851 451 1950 quidem
469 1850 605 1949 profuit
618 1858 643 1922 F
645 1854 847 1926 lorentinus
863 1853 998 1925 codex:
1024 1868 1061 1924 at
1080 1852 1284 1949 singulares

184 2062 186 2068 Ι
209 1973 300 2046 adeo
316 1979 554 2073 propriasque
571 1976 744 2049 lectiones
763 1974 926 2075 praefert,
940 1990 975 2047 et
993 2003 1013 2046 a
1030 1975 1166 2048 caeteris
1184 1978 1284 2047 Ger-

209 2121 410 2187 manarum,
420 2098 647 2186 Gallicarum,
659 2100 859 2170 Italicarum
871 2099 1038 2171 Biblioth.
1053 2102 1151 2170 MSS.
1160 2122 1284 2195 usque

210 2244 255 2292 eo
267 2218 467 2317 discrepat,
489 2236 532 2291 ut
549 2224 609 2291 vix
626 2237 766 2308 tenear,
786 2223 876 2319 quin
895 2247 979 2293 eum
1002 2247 1024 2293 a
1042 2221 1191 2292 librario
1211 2220 1282 2292 bu·

208 2345 390 2416 munitatis
402 2358 440 2415 et
454 2344 640 2416 literarum
658 2346 869 2431 latinarum,
886 2343 986 2443 quod
1000 2344 1198 2416 insolenter
1211 2342 1280 2414 fie-

208 2466 287 2557 bat,
307 2472 445 2566 perito,
460 2494 571 2540 none
590 2468 703 2540 verbo
717 2474 951 2567 exscriptum,
970 2468 1035 2541 sed
1047 2467 1281 2559 exindustria

207 2605 440 2663 retractatum
453 2594 671 2680 existimem,
684 2595 786 2690 quasi
803 2606 939 2664 textum
952 2597 1095 2664 Semne
1109 2616 1184 2662 non
1202 2605 1278 2661 tam

208 2737 369 2802 servare,
386 2739 498 2811 quam
524 2718 671 2811 ingenio
695 2731 733 2787 et
751 2714 891 2811 judicio
912 2740 979 2786 suo
997 2711 1280 2786 accommodare

207 2835 398 2907 studuerit.
416 2841 516 2929 Quas
533 2836 697 2908 obtrudit
714 2836 984 2909 emendationes
1002 2861 1146 2934 semper
1165 2837 1276 2931 signi·

207 2955 357 3029 ficorum
383 2983 488 3066 esse„
504 2973 543 3030 et
567 2973 689 3032 acutas
713 2959 897 3030 interdum
922 2961 1277 3056 elegantissimasque

207 3105 318 3152 nemo
356 3080 587 3155 diffiteatur:
627 3083 657 3154 ei
683 3108 793 3172 vero,
828 3082 929 3179 quod
965 3082 1050 3154 licet
1080 3082 1275 3179 suspicari,

208 3203 300 3275 nihil
335 3220 454 3278 essent
485 3205 584 3277 aliud
615 3231 727 3303 quem
766 3205 880 3277 doctae
921 3206 1161 3301 conjecturae,
1198 3229 1274 3275 non

206 3325 302 3397 ultra
328 3328 436 3398 unius
466 3329 534 3398 viri
560 3329 771 3426 opinionem
801 3328 976 3414 valerent,
1001 3346 1038 3400 et
1065 3327 1103 3399 id
1131 3342 1274 3399 tantum

209 3447 386 3522 baberent
405 3451 597 3549 ponderis,
623 3450 725 3548 quod
749 3450 899 3523 adderet
924 3452 1007 3547 ejus
1028 3452 1182 3523 solertia.
1213 3456 1275 3523 At·

204 3584 328 3643 tamen
354 3573 462 3645 multi
496 3601 573 3647 non
611 3572 821 3646 dubitavere
865 3575 963 3648 hunc
1002 3574 1163 3660 librum,
1195 3599 1273 3646 non

205 3693 314 3766 modo
335 3695 587 3770 deficientibus
609 3698 860 3796 manuscriptis
880 3699 1007 3771 ducem
1031 3700 1151 3796 sequi,
1171 3698 1273 3795 quod

204 3841 314 3889 nemo
342 3821 589 3893 consideratus
614 3817 912 3917 reprehenderit,
950 3819 1014 3892 sed
1046 3823 1153 3893 etiam
1187 3819 1273 3917 plu-

204 3941 252 4012 ris
280 3963 391 4036 quam
416 3961 630 4016 ceterorum
657 3940 824 4014 codicum
858 3946 1124 4016 universitatem
1157 3967 1273 4014 uuum
