2662 4800
520 318 529 335 0

64 350 1106 394 0*me

10 702 12 711 Ι
65 538 430 685 Jouannrs
473 578 713 687 rsacu
759 586 1103 701 rounam

188 834 252 903 DE
276 821 567 906 AUCTORIBUS
590 837 960 913 TRAGOEDIARUM

118 1030 160 1078 ru
182 1030 215 1077 v.
239 1031 292 1079 ct.
316 1030 463 1081 rnrnusr
489 1032 704 1083 scnrvummr
732 1037 1032 1090 rnonrcournon.

427 1227 714 1256 *—

63 1399 141 1533 Qus
150 1434 216 1517 jam
225 1436 323 1519 olim,
337 1436 474 1501 Scriveri
488 1436 678 1520 clarissime,
690 1434 732 1502 ad
745 1438 900 1504 Senecam
911 1441 1105 1532 l'ragicum,

62 1542 168 1623 adjutus
186 1542 443 1633 cantabrigiensi
463 1541 532 1609 MS.
560 1558 593 1606 et
610 1566 700 1607 nunc
724 1544 894 1610 occasione
909 1546 1029 1614 codicis
1044 1554 1105 1616 Ba·

61 1646 169 1731 siniani,
180 1649 238 1738 qui
255 1671 354 1736 penes
368 1670 419 1712 me
433 1646 501 1711 MS.
516 1647 672 1730 similiter,
687 1648 856 1731 annotavi,
874 1650 934 1714 tibi
949 1675 986 1716 ea
997 1657 1107 1721 omnia

61 1749 85 1814 iu
98 1774 193 1819 unum
209 1754 344 1819 collecta
358 1754 498 1835 fascem,
512 1751 680 1840 quomodo
696 1754 844 1841 proxime
860 1757 1021 1845 pollicitus
1037 1760 1106 1844 fui,

62 1857 147 1941 uitto,
163 1857 319 1939 adjuncto
337 1857 453 1924 eodem
472 1857 527 1921 illo
544 1858 657 1922 codice
675 1880 759 1923 meo.
780 1858 844 1924 Sed
862 1878 895 1926 ct
913 1865 1105 1930 sententiam

62 1984 142 2028 neam
156 1964 367 2055 promiseram
381 1962 421 2028 de
440 1963 628 2028 auctoribus
647 1963 891 2053 tragoediarum,
906 1990 978 2055 quar
993 1971 1028 2036 L.
1042 1973 1106 2035 An.

61 2088 113 2132 neo
123 2070 248 2135 Senecae
259 2070 357 2160 vulgo
370 2069 570 2133 tribuuntur.
583 2070 632 2133 De
641 2069 692 2133 his
706 2092 803 2157 quarn
821 2070 944 2136 diversa
962 2074 1027 2138 sint
1042 2078 1101 2142 aevi

61 2177 140 2239 nostri
159 2198 364 2240 summorum
380 2176 526 2239 virorum
548 2173 684 2257 judicia,
713 2198 780 2239 non
800 2177 941 2265 ignoras.
959 2179 1103 2247 Clarissi-

61 2301 114 2345 uus
124 2283 234 2347 Iustus
246 2283 373 2372 Lipsius
386 2304 488 2370 quum
496 2281 639 2369 primum
650 2280 684 2343 in
700 2303 771 2344 earn
780 2283 972 2347 sententiam
986 2283 1104 2353 disces·

59 2384 150 2470 siuet,
180 2404 219 2452 ut
242 2404 396 2453 statueret
421 2409 491 2450 csse
522 2384 692 2474 plerasque
717 2387 833 2450 Annaei
859 2387 1007 2471 Senecae,
1041 2415 1102 2458 nec

60 2505 146 2557 umen
158 2493 364 2581 Philosophi,
381 2515 420 2556 eo
434 2491 514 2555 abiit
527 2508 584 2565 ut,
601 2512 667 2553 una
680 2507 813 2579 excepta
828 2491 956 2574 Medea,
970 2512 1099 2562 caeteras

56 2594 88 2658 ad
97 2598 262 2687 imperium
277 2597 422 2677 Trajani,
436 2612 493 2660 aut
506 2594 589 2658 infra
601 2597 717 2677 etiam,
733 2593 887 2674 rejiceret.
907 2598 1043 2664 Fundus
1056 2602 1102 2665 illi

10 2782 12 2793 Ι
56 2698 173 2780 hujusce
183 2702 346 2791 opinionis
358 2701 571 2765 Terentianus
580 2700 741 2789 praecipue
754 2699 827 2783 suit,
842 2701 965 2789 qui,de
976 2706 1102 2794 tragicis

52 2829 149 2895 agens,
162 2807 401 2895 ostendensque
417 2806 552 2894 quinam
571 2807 727 2871 inchoris
750 2806 926 2897 dactylicos
949 2825 1101 2877 tetrame-

52 2926 109 2976 tros
122 2930 176 2979 aut
191 2916 288 3005 primi
305 2931 363 2978 aut
378 2936 443 3002 prae
459 2912 580 2977 caeteris
596 2913 797 2994 junxissent,
823 2913 868 2978 ita
883 2915 969 2980 inter
988 2933 1100 2982 caetera

50 3016 205 3107 loquitur:

176 3157 211 3209 Iu
222 3155 324 3227 tragicis
333 3158 443 3227 junxero
454 3154 541 3208 choris
557 3153 631 3206 huno
645 3171 714 3227 steps
727 3153 820 3209 diserti

176 3244 293 3297 Anum
304 3244 402 3297 &neca
415 3254 440 3295 et
453 3242 615 3313 Pomponius
629 3254 691 3295 aute
705 3240 851 3295 Secundus.

45 3398 171 3488 Collegit
186 3400 274 3463 enim
287 3400 325 3462 iis
339 3421 379 3463 ex
394 3399 520 3480 verbis,
535 3399 708 3488 Tragicum
724 3398 769 3461 ihi
785 3398 940 3463 Senecam
952 3400 1100 3466 Philoso-

43 3503 105 3590 plro
116 3505 280 3584 juniorem
300 3527 389 3587 esse,
402 3521 435 3568 et
446 3504 519 3568 ideo
531 3528 550 3568 a
564 3505 758 3568 Terentiano
774 3504 988 3592 posteriorem
1002 3510 1099 3572 statui

44 3608 234 3698 Pomponio,
254 3611 328 3697 qui·,
342 3625 380 3673 ut
397 3632 435 3674 en
448 3610 548 3675 Fabio
567 3625 711 3693 constat,
730 3609 845 3675 eodem
864 3634 940 3675 cnm
954 3610 1100 3676 Philoso-

12 3700 17 3719 '
41 3711 121 3797 pho,
147 3711 274 3776 Claudii
297 3712 451 3776 nimirum
476 3729 508 3778 et
532 3712 672 3776 Neronis
700 3735 785 3793 arvo,
809 3711 933 3776 claruit.
958 3714 999 3776 Et
1020 3713 1098 3797 hoc,

38 3834 194 3907 quantum
212 3839 345 3899 censeo,
364 3818 614 3906 suppeditaverit
634 3819 662 3881 ei
682 3818 796 3881 vocula
819 3817 872 3881 illa
894 3831 986 3898 nats,
1008 3822 1098 3904 quasi

34 3943 107 3990 nota
120 3931 265 4003 διιιριταὴ
281 3926 395 3990 etnim
411 3923 614 3990 discernendi
631 3923 774 4006 habens,
792 3925 905 4012 posita.
924 3925 967 3989 At
986 3941 1097 3990 contra
