2662 4800
219 380 1279 407 mmmfflfflmfflmmmmfflffl

727 595 785 648 ult

412 760 718 868 ANNAEO
768 759 1093 866 SENECA

236 990 344 1061 UNO
368 987 790 1057 TRAGOEDIARUM
812 986 932 1075 QUAE
951 980 1276 1056 SUPERSUNT

305 1130 310 1137 ·
496 1109 721 1180 OMNIUM
740 1110 999 1180 AUCTORE.

349 1287 400 1369 (a
420 1308 559 1356 manns
579 1307 736 1356 croncro
761 1308 903 1356 canouo
929 1282 1149 1377 ntorzscu.)

568 1455 948 1490 -.w

216 1590 369 1691 Eusnno
385 1618 505 1682 librum
518 1617 559 1681 de
572 1617 637 1682 vita
648 1632 682 1681 et
695 1616 841 1681 moribus
854 1618 891 1683 L.
903 1621 1017 1684 Annaei
1032 1618 1176 1696 Senecae,
1189 1642 1291 1708 quem

214 1749 320 1815 nuper
335 1724 476 1805 absolvi,
494 1746 578 1811 saepe
593 1722 636 1787 de
654 1745 694 1787 eo
710 1723 910 1813 cogitabam,
929 1741 1051 1813 quanta
1070 1725 1164 1789 nobis
1181 1724 1292 1792 adhuc

216 1830 357 1918 supersit
372 1826 548 1892 multitudo
566 1851 731 1911 errorum,
747 1831 820 1917 qui,
840 1830 874 1893 in
893 1830 1099 1917 recensendis
1113 1831 1289 1896 doctorum

216 1937 361 2000 virorum
381 1935 610 2023 opinionibus,
636 1957 702 1997 non
726 1935 826 1999 modo
843 1938 941 2025 vulgo
964 1918 1088 2020 afferri,
1112 1937 1290 2003 sedetiam

216 2041 286 2105 sine
309 2040 455 2104 examine
479 2039 682 2129 praetermitti
705 2056 738 2103 et
759 2042 929 2130 propagari
955 2043 1075 2106 solent!
1100 2043 1139 2106 In
1164 2043 1216 2107 his
1241 2060 1291 2109 est

216 2145 312 2211 etiam
340 2144 479 2234 vulgaris
509 2142 561 2207 illa
591 2143 778 2208 criticorum
805 2145 985 2229 sententia,
1016 2170 1088 2234 quse
1119 2146 1290 2237 tragoedias

216 2249 347 2331 decem,
368 2247 488 2337 quibus
509 2270 615 2311 unum
637 2248 765 2312 Senecae
784 2271 903 2313 nomen
923 2249 1122 2334 inscribitur,
1139 2252 1290 2340 pluribus

216 2355 405 2420 auctoribus
421 2353 544 2417 tribuit.
563 2354 728 2417 Dicuntur
739 2356 826 2418 enim
840 2355 955 2445 aliqnae
969 2379 1039 2422 esse
1053 2358 1151 2446 patris
1168 2359 1289 2447 Marci,

215 2484 314 2551 quem
329 2462 492 2526 rhetorem
507 2461 667 2549 appellare
681 2460 803 2542 solent,
817 2462 909 2525 Lucii
922 2461 1041 2528 deinde
1053 2462 1124 2545 filii,
1141 2463 1290 2553 philoso-

214 2569 272 2657 phi
293 2566 411 2648 Stoici,
435 2566 567 2653 reliquae
587 2589 717 2647 omnes,
737 2583 852 2654 praeter
871 2569 1053 2649 Octaviam,
1075 2593 1149 2657 quae
1172 2569 1290 2659 ignoto

214 2675 343 2741 cuidam
363 2689 466 2761 poetae
488 2672 693 2738 adscribitur.
716 2674 795 2736 Orta
819 2673 953 2761 quidem
976 2699 1044 2740 esse
1067 2674 1196 2740 videtur
1218 2677 1290 2741 haec

213 2780 326 2867 opinio
345 2779 382 2841 iis
401 2778 621 2867 temporibus,
638 2778 758 2866 quibus
776 2777 884 2844 adhuc
901 2777 1122 2863 dubitabatur,
1140 2804 1227 2845 anne
1242 2783 1291 2846 illi

213 2886 259 2949 M.
277 2903 310 2948 et
324 2886 360 2948 L.
375 2907 461 2949 unus
478 2883 631 2972 idemque
647 2884 766 2947 Seneca
787 2885 926 2966 fuerint,
942 2909 1058 2973 quem,
1074 2910 1177 2973 quum
1191 2887 1290 2965 juve·

213 2990 264 3054 nis
283 2990 474 3054 Ciceronem
492 2989 684 3069 audivisset,
706 3012 724 3052 a
746 2988 878 3053 Nerone
900 3006 1009 3054 auteur
1034 3007 1118 3057 esset
1141 2992 1289 3075 occisus,

214 3118 313 3183 supra
347 3096 438 3160 CXX
464 3117 568 3159 annos
601 3093 717 3157 vixisse
747 3093 878 3181 quidam
905 3098 1139 3161 asseverabant.
1170 3098 1289 3181 Quum

213 3199 332 3266 deinde
369 3201 495 3289 Lipsius
530 3199 719 3289 probasset,
752 3217 909 3264 rectorem
948 3202 1039 3265 illum
1072 3204 1290 3291 imperatoriae

209 3307 351 3388 juventu
369 3306 468 3371 fuisse
483 3307 640 3386 Lucium,
657 3304 890 3394 philosophum
904 3308 1050 3373 Stoicum
1067 3326 1165 3397 atque
1183 3308 1287 3375 filium

210 3412 350 3477 rhetoris
380 3409 500 3495 Marci,
531 3435 599 3476 non
633 3411 809 3476 defuerunt
839 3412 990 3477 homines
1015 3414 1119 3478 critici
1147 3416 1288 3481 nimium

211 3517 363 3598 solertes,
392 3519 449 3605 qui
476 3517 608 3581 duobus
637 3516 698 3581 illis
727 3517 859 3582 Scnccis
889 3520 999 3584 nescio
1028 3543 1127 3608 quem
1155 3538 1288 3608 poetam

212 3625 381 3713 tragicum,
390 3645 488 3710 quem
495 3621 872 3689 Hadrianiaetatevixisse
881 3626 1001 3703 ferunt,
1015 3627 1088 3690 loco
1099 3628 1196 3691 tertio
1204 3628 1288 3693 libe·

155 3754 158 3758 ·
211 3729 321 3792 raliter
332 3727 560 3816 adjungerent.
568 3726 631 3790 Alii
640 3750 734 3809 vero,
752 3728 872 3815 quibus
887 3731 1111 3820 supposititius
1128 3733 1183 3796 hic
1198 3744 1289 3798 vates

208 3835 303 3923 plane
317 3835 450 3923 ignotus
462 3850 543 3913 erat,
558 3850 644 3898 certe
655 3856 722 3898 nun
736 3857 851 3899 omnes
863 3836 894 3898 X
905 3837 1028 3902 fabulas
1041 3836 1148 3902 eidem
1160 3840 1287 3903 auctori

211 3937 426 4029 adsignandas
445 3960 514 4003 esse
530 3954 724 4004 statuerunt.
744 3941 782 4004 In
801 3941 852 4005 his
869 3960 961 4005 erant
980 3945 1090 4009 Iustus
1108 3945 1237 4031 Lipsius
1256 3961 1289 4009 et

153 4380 333 4520 A
