2662 4800
211 332 283 428 xxij
406 336 436 401 J.
459 333 590 402 mrsu
616 335 677 401 un
702 335 774 403 rus
797 334 1074 405 unicornus

209 455 276 519 istis
295 453 407 518 Annaei
422 452 551 517 Senecae
566 474 633 516 esse
643 453 747 516 fateor
764 453 854 540 (sive
872 453 1008 518 Lucium
1026 455 1055 518 ei
1073 478 1277 544 praenomen,

209 561 275 624 sive
297 560 470 624 Marcum:
495 581 569 623 nam
587 558 672 651 liber¹
694 582 770 623 sanc
797 582 890 624 meus
912 582 981 624 uno
1004 560 1076 625 loco
1095 578 1278 650 utrumque

207 667 359 756 ambigue
375 665 559 755 congerit),
576 663 633 729 sed
650 666 779 731 Senecae
793 666 947 731 novioris.
964 666 1079 731 Filiine
1098 668 1202 750 illius,
1217 668 1276 756 qui

206 770 447 860 Philosophus?
462 771 515 834 vix
529 769 686 834 arbitror:
706 793 767 834 nec
785 772 904 859 scripta
923 770 1003 834 mihi
1027 770 1184 837 suadeant
1207 788 1276 835 tarn

208 878 334 943 bonum
348 899 462 941 aevum.
477 875 605 955 Trajani
616 875 771 962 imperio,
786 874 853 940 imo
869 875 971 956 infra,
988 875 1015 940 si
1030 876 1145 942 vixisse
1161 900 1278 965 quem·

210 1005 351 1070 eumque
372 983 463 1047 hunc
480 982 633 1045 Senecam
653 980 780 1062 dicam,
802 1004 913 1045 avero
932 1004 1000 1044 non
1018 982 1125 1048 ahiho.
1144 985 1240 1047 Certe
1258 980 1276 1046 a

207 1089 306 1153 veteri
325 1088 380 1151 illo
400 1088 481 1151 alius
500 1101 568 1165 est,
595 1084 646 1148 vel
666 1085 801 1149 Sidonio
815 1102 915 1167 teste,
936 1087 1028 1166 cujus
1044 1110 1157 1152 versus
1176 1087 1276 1151 inno·

208 1209 299 1258 luere
323 1216 331 1257 t

380 1350 502 1415 Quorum
514 1368 585 1403 unus
597 1348 662 1402 colit
675 1346 811 1421 hispidum
823 1348 950 1402 Platona:

384 1437 560 1491 Orchestram
572 1436 663 1510 quatit
675 1437 742 1490 alter
751 1436 895 1508 Euripidis.

206 1633 312 1698 Etiam
327 1628 525 1695 Terentiano
542 1652 549 1693 :

381 1789 413 1841 ln
427 1786 531 1859 tragicis
542 1788 656 1859 junxere
668 1784 756 1840 choris
767 1786 842 1841 hunc
857 1805 928 1860 eope
939 1786 1033 1841 diserti

380 1876 496 1929 hunnus
509 1875 610 1930 Seneca
624 1886 650 1927 et
662 1874 826 1948 Pomponius
839 1886 899 1928 ante
909 1872 1055 1930 ὃοοηιιᾶω,

205 2078 289 2144 Nam
311 2078 468 2167 tragicum
488 2077 595 2153 hunc,
614 2098 706 2160 ecce,
732 2076 944 2165 posteriorem
968 2075 1046 2140 facit
1064 2075 1274 2164 Pomponio:

204 2207 303 2273 quem
322 2184 445 2248 clarum
462 2199 510 2247 est
532 2184 647 2248 vixisse
662 2182 778 2248 eodem
803 2206 880 2247 cum
898 2182 1061 2273 grandiori
1085 2182 1223 2264 Seneca
1238 2182 1274 2246 id

203 2304 252 2353 est
261 2287 438 2353 Claudiano
447 2310 527 2352 aevo.
546 2286 646 2369 Quod
659 2303 767 2352 autem
784 2285 923 2351 dehisce
934 2284 1095 2376 tragoediis
1109 2287 1271 2368 sentiant,

203 2394 307 2482 liquet
319 2416 359 2457 ex
375 2391 491 2457 eodem
503 2392 718 2474 Terentiano,
733 2390 820 2481 apud
837 2413 935 2479 quem
949 2412 1061 2455 versus
1080 2413 1155 2454 eum
1171 2391 1274 2456 Sene-

203 2522 247 2564 coe
264 2500 417 2583 nomine,
434 2521 518 2586 quos
537 2497 702 2586 hodieque
719 2498 753 2562 in
774 2496 915 2561 Hercule
931 2496 1058 2563 furente
1071 2495 1180 2586 legas:

468 2688 629 2760 Exemplum
642 2699 668 2741 et
681 2687 788 2741 Senecae
802 2685 890 2741 dabo:

469 2801 481 2823 ι
490 2776 589 2828 'l’hebis
602 2775 661 2828 laeta
675 2775 733 2829 dies
747 2773 836 2841 adest,
918 2797 920 2800 >

466 2865 554 2917 «Aras
568 2864 668 2936 tangite
681 2863 831 2936 supplicent

469 2976 481 2998 ι
494 2952 605 3023 Pingues
619 2950 714 3006 cudite
726 2951 859 3006 victimat.
870 2974 883 2997 ι

244 3160 277 3221 Is
293 3179 370 3245 ergo
386 3178 472 3220 unus
487 3155 634 3244 scriptor.
654 3156 737 3239 Quis
750 3156 851 3221 alter?
866 3155 964 3219 etiam
981 3154 1118 3237 Senem3
1135 3151 1194 3217 sed
1209 3153 1264 3218 ille

202 3267 325 3346 bonus,
341 3263 394 3327 ille
408 3286 510 3328 meus.
527 3262 612 3327 Nam
629 3262 752 3327 Medeae
766 3285 825 3326 cur
841 3285 909 3327 non
922 3278 1089 3326 auctorem
1105 3260 1196 3324 hunc
1212 3283 1270 3324 au·

202 3369 311 3435 dacter
339 3366 505 3432 tribuam?
533 3368 651 3466 Eubius
674 3366 828 3456 impellit,
852 3367 911 3455 qui
933 3367 1144 3431 semiversum
1168 3387 1268 3461 exlea

204 3475 293 3539 hunc
308 3475 404 3539 citat:

514 3622 580 3677 qma
592 3604 647 3676 peti
659 3613 744 3658 terrae
754 3602 851 3678 jubet?

201 3788 243 3852 Et
263 3786 396 3875 quidem
414 3785 534 3851 Seneca
551 3802 692 3851 auctore.
710 3785 792 3875 Quis
812 3807 889 3875 ergo
909 3783 989 3849 alius
1004 3783 1125 3848 Seneca
1139 3782 1266 3870 uspiam

201 3893 229 3958 ei
247 3892 444 3974 nominatus,
461 3907 578 3979 praeter
588 3907 738 3956 nostrum
748 3890 762 3955 l
771 3891 812 3955 Et
825 3906 911 3955 certe
926 3889 952 3953 si
967 3910 1034 3953 non
1048 3887 1138 3952 hunc
1147 3886 1267 3969 voluit,
