2662 4800
383 375 515 446 NOVI
539 377 806 446 EDITORIS.
1070 372 1129 441 xix

59 517 258 600 aesnmare,
288 515 326 583 iu
352 510 566 608 religionem
597 512 707 585 ducta
735 512 890 585 nominis
914 513 1130 595 reverentia,

58 636 166 735 quasi
179 633 281 708 nefas
293 648 386 705 esset
397 637 601 723 Gronovi0‚
620 649 722 707 tanto
735 638 830 723 viro,
848 633 1037 706 adversari.
1051 637 1129 703 Hoc

59 758 299 832 Schroederus
321 771 491 854 expertus
511 773 587 830 est:
612 783 770 856 namque
794 781 814 829 a
836 758 958 829 Cortio
981 757 1066 827 olim
1093 769 1131 826 et

60 879 233 952 Duckero
258 880 474 977 exagitatus,
498 879 600 978 quod
625 884 747 953 omnia
774 904 855 979 quae
886 879 1027 950 deserat
1048 883 1131 949 Ma·

58 1011 172 1102 gt'ster
193 1026 261 1101 pro
279 995 367 1074 r'atis
384 1028 458 1073 non
477 1003 646 1076 habuerit
666 1003 867 1102 (quamvis,
894 1022 1130 1098 quaecumque

60 1126 101 1194 in
130 1124 291 1197 editione
318 1150 382 1196 sua
411 1126 666 1224 tragoediarum
697 1126 839 1223 (1728)
873 1123 919 1196 de
947 1122 1132 1194 nonnullis

62 1249 240 1319 Gronovii
260 1247 574 1320 emendationibus
594 1249 818 1337 disseruerit,
837 1273 914 1318 non
937 1247 1132 1343 quicquam

61 1373 290 1443 Gronoviani
315 1386 436 1443 textus
460 1373 695 1467 mutaverit),
720 1373 913 1443 novissime
937 1369 1133 1440 aBadenio

61 1492 280 1590 objurgatus
300 1507 373 1581 est,
399 1493 685 1592 Hamburgensis
704 1495 815 1566 critici
842 1506 877 1563 et
898 1489 1031 1562 codicis
1055 1490 1134 1561 Flo-

60 1616 199 1686 rentini
219 1613 482 1686 ultramodum
501 1613 654 1688 fautore.
672 1621 718 1687 Et
741 1641 817 1704 me,
835 1611 1040 1687 Schroederi
1061 1613 1136 1682 imi·

61 1750 235 1823 tatorem‚
257 1753 428 1834 carpant,
449 1740 515 1837 qui
540 1740 617 1835 ejus
635 1738 818 1810 audaciam
836 1741 1080 1820 insectantur3
1104 1735 1134 1805 si

60 1857 185 1931 audax
191 1859 274 1953 jure
288 1860 463 1959 appeller,
478 1862 578 1961 quod
589 1863 740 1934 aliorum
749 1860 936 1932 audaciam
952 1856 1133 1929 noluerim

60 1982 216 2069 imitari3
232 1981 333 2085 qnod
356 1984 528 2057 lectiones
543 1986 726 2082 antiquas,
749 1999 885 2057 temere
909 1995 947 2053 et
968 1976 1133 2053 mutandi

60 2107 251 2203 prurigine
280 2103 480 2203 ablegatos,
502 2106 725 2204 quandoque
755 2105 1008 2203 reposuerim
1032 2101 1133 2199 quod

60 2223 284 2322 plerumque
300 2227 535 2320 conjecturis,
547 2242 625 2299 tum
639 2229 811 2314 aliorum,
826 2242 905 2298 turn
921 2227 1012 2297 meis
1026 2223 1134 2296 absti-

60 2345 228 2429 nuerim,
246 2360 385 2418 textum
401 2373 527 2421 verum
545 2352 676 2448 potius,
688 2375 795 2447 quam
816 2373 957 2436 meum,
973 2347 1133 2419 daturus.

62 2468 121 2535 lta
141 2467 236 2536 euim
254 2467 346 2539 mihi
362 2470 524 2557 videtur3
540 2476 578 2542 in
596 2472 667 2542 hoc
681 2487 808 2543 nostro
815 2477 986 2542 Veterum
1005 2471 1136 2566 scripta

63 2588 351 2684 recognoscendi
374 2591 515 2681 labore,
536 2617 684 2692 perraro
705 2592 817 2665 habet
834 2596 888 2664 vis
903 2592 1038 2689 ingenii
1060 2616 1135 2687 quo

63 2709 342 2806 exsplendescat
357 2740 365 2782 :
383 2713 520 2808 judicio
541 2719 663 2813 potius
689 2730 724 2786 et
744 2739 848 2797 cura,
867 2738 976 2812 quam
1000 2735 1136 2783 novum

65 2831 206 2929 aliquid
236 2837 460 2943 excogitandi
491 2839 635 2911 solertia
661 2865 756 2938 opus
787 2854 854 2911 est.
879 2842 1017 2909 Intacta
1046 2838 1137 2907 anti·

67 2978 154 3051 quse
170 2957 255 3027 artis
275 2976 512 3032 monumenta
530 2987 691 3052 servare,
708 2977 765 3050 et,
781 2963 811 3032 si
826 2960 1001 3058 temporis
1020 2960 1136 3057 spatio
1223 3047 1229 3059 Ι

69 3075 298 3150 subobscura
333 3059 544 3172 rideantur,
574 3085 882 3183 interpretationis
914 3084 994 3154 luce
1026 3082 1137 3153 collu-

68 3214 205 3287 strare,
235 3226 278 3272 ea
309 3203 385 3274 sola
409 3220 540 3277 nostrae
566 3233 686 3306 operm
711 3209 862 3295 utilitas,
892 3220 951 3294 et,
975 3208 1012 3276 in
1045 3205 1139 3277 utili·

70 3336 167 3411 tate,
193 3323 317 3421 gloria.

118 3450 244 3518 Unum
265 3455 486 3547 rogaverim,
515 3456 544 3524 si
575 3455 638 3550 qui
665 3455 754 3541 sint,
780 3469 822 3524 ut
846 3467 975 3541 erunt,
1001 3450 1136 3549 quibus

69 3568 147 3641 haec
164 3572 385 3645 recensionis
406 3577 496 3647 ratio
515 3578 634 3648 minus
647 3576 841 3675 probetur;
860 3600 919 3647 me
938 3573 1139 3672 quodcum·

69 3717 144 3790 que
160 3717 266 3764 secus
283 3694 466 3769 admisisse
481 3700 702 3789 existiment,
719 3725 794 3770 non
813 3698 952 3770 incuria
968 3696 1093 3768 saltem
1104 3710 1141 3768 et

69 3815 375 3890 inconsiderantia
393 3820 532 3918 lapsum
549 3820 781 3894 arbitrentur.

809 3949 837 4013 l.
857 3946 1063 4015 PIERROT.
