2662 4800
403 363 537 435 NOVI
563 363 833 468 Em‘ronls.
1108 389 1155 432 xv

82 508 123 566 et
141 493 263 592 quarti
284 490 406 565 sacculi
428 492 682 591 manuscriptis
702 490 908 581 codicibus,
924 517 1021 590 quos
1039 494 1079 565 in
1104 496 1158 565 Bi·

84 615 268 690 bliotham
286 616 396 714 Regin
416 614 540 688 inveni
556 629 595 689 et
610 616 760 688 contuli.

133 740 296 812 Alteram
318 736 480 834 ejusdem
501 737 623 812 seculi
649 737 741 811 mihi
768 736 910 812 suffecit
934 737 1158 812 Bibliotheca

81 862 182 936 dicta
201 862 249 935 de
263 865 611 950 sactu-Generum
628 887 710 959 quae
727 861 877 960 quidem
894 863 933 933 in
952 862 1155 935 editionum

83 985 270 1060 indicibus
298 988 492 1058 memorari
517 986 611 1058 solet
638 986 710 1059 hoc
733 988 909 1072 nomine,
935 992 1072 1058 Veneta
1098 991 1156 1075 11,

72 1135 149 1210 po·
175 1116 264 1184 luz.
298 1110 492 1199 Imardum
523 1107 570 1182 de
592 1109 822 1207 Savt'glicno,
852 1135 938 1181 cum
960 1094 1157 1182 comam.

10 1259 12 1269 ’
82 1239 289 1320 Manum,
322 1238 426 1331 ¹49²·
448 1239 543 1306 Cum
569 1234 739 1332 primaria
765 1237 847 1304 Car.
875 1232 1052 1305 Fernandi
1080 1255 1156 1306 non

81 1359 272 1446 convenit,
285 1373 323 1429 et
338 1356 467 1430 iisdem
483 1356 672 1430 codicibus
690 1371 882 1456 utramque
899 1382 978 1429 non
994 1357 1156 1429 innixam

82 1481 171 1551 satis
190 1493 352 1579 apparet.

132 1607 279 1675 Frustra
303 1602 501 1676 editionem
523 1603 693 1701 quaesivi,
716 1627 826 1699 quam
847 1615 1002 1674 testatur
1024 1607 1159 1673 anet

80 1724 262 1823 (Marcel
283 1725 336 1798 du
357 1723 522 1821 libraire)
547 1726 687 1798 Parisiis
711 1749 900 1811 excusam,
925 1749 1024 1796 anuo
1050 1723 1154 1798 1500.

79 1845 156 1920 Sed
170 1847 261 1919 milui
276 1873 352 1919 non
372 1847 522 1922 defuere
541 1864 579 1921 et
597 1851 746 1923 Juntina
767 1847 954 1948 secunda,⁴
968 1847 1155 1923 Florentio

80 1995 132 2042 ex
147 1977 234 2043 lien.
249 1971 424 2070 Philologi
441 1973 654 2044 recensione
676 1971 771 2043 edita
789 1969 942 2066 (1513),
967 1985 1003 2044 et
1019 1995 1062 2043 ea
1080 1997 1156 2045 nou

81 2093 308 2192 spernenda,
327 2120 441 2193 quam
466 2096 605 2167 Parisiis
625 2094 873 2168 excudendum
900 2095 1041 2168 curavit
1060 2096 1155 2191 AEgi·

79 2215 556 2305 diusllmeriensiaan.151
571 2243 598 2288 r.
613 2216 722 2316 (Vide
736 2215 782 2288 de
796 2217 864 2290 hac
883 2216 967 2289 odlt.
981 2216 1155 2291 Notitiam

80 2338 305 2436 literariam)
324 2343 475 2413 Necnon
500 2341 698 2438 praecipuas
724 2364 851 2412 omnes
876 2338 1060 2437 usquead
1081 2338 1156 2413 edi·

83 2463 224 2534 tionem
246 2462 452 2535 schroederi
483 2464 619 2561 (ηαδ)
642 2463 835 2560 diligenter
864 2463 1039 2560 expendi,
1065 2488 1156 2564 quas

80 2585 214 2659 ordine
244 2588 351 2660 rcmli
376 2590 482 2660 initio
509 2585 871 2659 Animadversionum
899 2588 937 2658 in
964 2587 1155 2659 Herculem

81 2706 269 2781 fruentem
291 2725 328 2785 et
344 2711 503 2810 singulas
523 2711 735 2811 unguedine,
758 2725 795 2782 at
813 2709 862 2782 de
878 2707 1013 2807 quibus
1029 2710 1069 2781 in
1093 2713 1154 2783 lu·

82 2830 168 2903 dice
188 2825 390 2906 editionum
410 2860 526 2934 pauca
541 2834 706 2908 disserui.
719 2836 940 2907 Novissimas
957 2835 1151 2932 presertim

81 2955 215 3029 Bothei
241 2972 278 3029 et
304 2957 448 3032 Badeuii
474 2957 624 3031 adhibui
647 2960 899 3047 recensiones,
926 2983 1009 3055 qum
1035 2982 1153 3030 meam

81 3102 165 3151 nou
179 3079 408 3155 mediocriter
420 3081 646 3179 adjuvemur
664 3081 764 3174 Quid
778 3082 915 3154 multa?
932 3080 1062 3154 Nullus
1076 3077 1153 3154 lero

81 3201 155 3274 fuit
175 3202 326 3299 alicnjm
351 3207 509 3279 nominis
533 3219 573 3278 et
601 3206 824 3278 auctoritatis
847 3204 904 3277 vel
932 3218 1071 3292 textus,
1090 3203 1153 3274 vel

81 3328 385 3425 commeatuum,
419 3352 495 3426 quo
524 3353 603 3401 nou
629 3353 717 3401 usus
748 3332 841 3417 sim,
870 3343 913 3399 ut
939 3328 1151 3426 possem'in

81 3443 296 3520 Animad'v-r.
309 3451 558 3540 meisaotrrc,
576 3449 675 3523 unda
693 3452 1152 3549 coeperitqumquccmen·

82 3572 206 3660 datio,
220 3573 411 3670 ct'quibus
431 3574 643 3647 confirmata
660 3572 839 3671 suffragiis
860 3573 907 3646 ad
932 3598 1001 3645 nos
1025 3597 1152 3671 perve—
1186 3640 1190 3645 .

79 3699 188 3766 nerit.
212 3699 303 3769 Nam
324 3696 413 3767 mihi
435 3696 655 3769 destinatum
680 3696 726 3769 ab
748 3699 852 3770 initio
874 3697 943 3769 fuit
967 3696 1062 3768 hanc
1086 3721 1151 3768 no-

79 3820 264 3891 vissimam
279 3818 478 3897 editionem
495 3820 666 3897 omnibus
678 3821 935 3897 ¹‚additamentis
950 3820 1151 3929 instruere,

78 3940 219 4039 quibus
230 3958 364 4014 caeterae
378 3946 480 4041 quasi
495 3944 616 4044 colligi
629 3958 666 4017 et
675 3946 921 4044 representari
931 3943 1149 4019 viderentur.

965 4063 1005 4130 aa
