2662 4800
79 347 1153 379 mmmmm-mm

422 589 472 689 J.
518 590 818 696 LIPSIUS

107 828 270 898 FRANC.
296 829 630 898 RAPHELENGIO
658 831 725 897 FR.
751 832 1128 904 F.PLANTIN1ANO

561 1010 595 1076 S.
619 1009 663 1075 D.

472 1233 760 1264 *0-

81 1438 205 1571 Quor>
224 1473 309 1538 serio
322 1471 454 1537 tandem
468 1493 603 1535 manum
620 1487 652 1534 et
670 1488 811 1536 mentem
826 1472 1007 1542 admoveris
1021 1478 1150 1546 Senecae

78 1579 262 1668 tragoediis,
280 1577 372 1643 valde
390 1576 424 1640 id
443 1576 553 1657 nobis,
569 1577 614 1639 mi
629 1576 654 1639 F
656 1578 811 1660 rancisce,
829 1595 966 1667 gratum.
981 1583 1023 1647 Et
1039 1607 1149 1651 nonne

78 1682 139 1747 diu
157 1685 219 1748 tale
233 1684 355 1772 aliquid
372 1683 527 1772 oportuit,
542 1683 576 1745 in
592 1682 657 1746 hoc
675 1684 817 1772 ingenio,
832 1685 864 1747 in
880 1684 943 1750 hoc
959 1689 1050 1753 otio?
1065 1691 1149 1755 Illud

78 1787 191 1870 adest,
205 1789 294 1853 istud
310 1804 480 1877 superest:
498 1809 558 1850 nec
572 1787 666 1874 culpa
684 1787 737 1851 hic
754 1810 823 1851 csse
839 1805 964 1876 potest,
980 1792 1041 1856 nisi
1057 1817 1074 1857 a
1091 1795 1148 1859 de«

78 1892 152 1956 side
167 1893 343 1957 voluntate.
362 1892 460 1980 Atqui
472 1891 639 1979 ingenium
654 1907 691 1954 ut
706 1895 828 1955 ferrum
843 1915 912 1958 esse
922 1896 1023 1960 scito:
1040 1900 1148 1987 splen·

77 1998 208 2080 descet‚
225 1999 251 2063 si
272 2016 387 2063 utare:
414 1997 597 2086 rubiginem
613 1997 799 2080 contrahet,
819 2000 845 2063 si
863 2001 1029 2067 recondas.
1049 2006 1148 2070 Utere

77 2105 197 2193 igitur3
217 2120 249 2168 et
263 2103 421 2192 imprimis
436 2101 477 2166 ad
493 2103 561 2166 haec
574 2092 650 2178 ista,
665 2126 737 2189 quae
751 2103 884 2191 gratiam
900 2106 959 2169 tibi
972 2107 1060 2196 apud
1077 2133 1147 2193 mc,

77 2208 170 2296 apud
189 2232 301 2291 avum,
324 2209 445 2272 famam
465 2207 600 2296 gignent
615 2205 702 2294 apud
718 2230 843 2273 omnes.
865 2209 929 2273 Sed
948 2212 1148 2280 auxiliumne

77 2315 180 2379 etiam
201 2339 220 2379 a
240 2339 292 2379 me
307 2313 434 2403 poscis?
453 2336 514 2403 ego
533 2313 669 2377 consilio
686 2310 876 2378 defunctum
904 2338 957 2380 me
982 2319 1146 2406 putabam.

77 2421 207 2485 Tamen
223 2437 255 2484 et
270 2419 349 2484 illud
362 2420 493 2508 accipe:
517 2418 612 2482 simul
631 2419 664 2481 in
681 2419 731 2483 his
750 2420 868 2484 talibus
885 2444 995 2486 reram
1010 2447 1145 2507 rocem,
1212 2516 1215 2521 ι

240 2566 315 2623 Atta
327 2572 349 2631 ὅ,
357 2592 381 2624 τι
389 2571 507 2642 φρονίιις·
518 2569 617 2624 ratioet
628 2564 660 2622 di
671 2590 702 2640 ps
713 2573 786 2640 θυμὸς
795 2570 895 2641 diciret.

79 2745 166 2808 Nam
185 2745 366 2810 amicissimi
383 2744 522 2809 Plantini
542 2743 604 2808 mei
628 2767 721 2809 causa
744 2743 825 2832 quid
845 2767 912 2809 non
935 2746 1053 2810 velim?
1067 2748 1146 2836 quid

79 2872 150 2913 non
174 2866 206 2914 et
222 2873 282 2939 pro
300 2850 360 2914 ista
383 2846 583 2913 Plantini'ana
603 2849 722 2937 stirpe?
741 2872 838 2936 quam
855 2851 944 2915 Dens
961 2852 1041 2915 mihi
1059 2854 1145 2918 sinat

80 2977 226 3020 crescere
243 2972 381 3038 rectam,
399 2956 480 3021 etin
500 2972 584 3019 recta
600 2956 728 3019 virtutis
744 2956 804 3019 via.

127 3070 299 3158 Triapetis.
309 3069 443 3152 Quidde
453 3069 608 3158 scriptore
616 3068 840 3159 tragoediarum
848 3070 1147 3154 sentiami'Quidde

78 3173 220 3238 ordine?
244 3175 334 3258 Quid
350 3175 486 3239 habeam
503 3174 543 3239 ad
566 3174 670 3264 ipsas?
691 3177 740 3239 De
758 3175 864 3263 primo
881 3177 927 3241 sic
943 3178 1143 3266 respondeo,

80 3282 273 3369 scriptorem
283 3282 322 3346 iis
330 3280 420 3346 daria
429 3305 555 3345 menon
566 3305 685 3346 unum:
696 3305 756 3346 nec
763 3282 890 3347 criticos
900 3299 1028 3348 nostros
1035 3284 1145 3366 audio,

79 3386 139 3472 qui
157 3385 248 3450 aliter
262 3384 468 3473 pertendunt.
481 3386 607 3473 Stylum
620 3401 651 3449 et
667 3385 882 3449 elocutionem
900 3387 1046 3473 quisquis
1062 3391 1145 3452 serio

78 3489 1147 3580 paulomagisexaminat‚nonamesentit?sentit,autprosectonihil

79 3596 191 3659 sentit.
207 3596 384 3660 Discrimen
395 3595 490 3659 nimis
500 3595 633 3659 clarum.
652 3595 815 3659 Octaviam
833 3612 865 3659 et
881 3596 1029 3661 Medeam
1047 3599 1145 3663 nnius

79 3700 201 3764 mentis
211 3718 243 3763 et
256 3723 370 3764 manus
379 3723 448 3764 esse
457 3701 527 3787 quis
541 3699 675 3764 dixerit?
693 3700 765 3787 quis
776 3701 941 3765 Thebaida
955 3719 988 3765 et
998 3702 1147 3768 Troada?

76 3804 205 3893 peritus
221 3827 318 3868 nemo
333 3803 448 3885 judex,
465 3821 497 3868 et
512 3805 566 3868 cui
580 3804 748 3894 purgatior
762 3804 859 3892 paulo
872 3807 968 3869 auris.
997 3807 1065 3896 Ego
1082 3824 1146 3873 tres

76 3909 256 3996 scriptores
270 3909 410 3991 odoror,
423 3909 559 3974 fortasse
574 3926 606 3974 et
623 3925 787 3997 quartum.
804 3909 901 3974 Audi.
918 3911 1091 4001 Pl'erasque
1107 3938 1147 3978 ex
