2662 4800
293 381 395 452 uno
415 356 786 453 russonnmnuu
811 383 1036 453 Ancronn.
1125 384 1195 454 xiix

125 507 176 569 rix
193 503 388 593 qrrisquam,
408 504 462 568 cui
482 503 558 568 satis
579 517 665 566 noue
686 499 753 563 sint
773 501 841 582 ejus
858 503 1104 587 controversia,
1121 505 1199 569 tales

127 608 251 675 fabulas
270 607 485 696 adscripserit.
509 609 578 672 Nec
594 628 671 671 vero
693 602 735 669 de
750 605 815 670 boc
831 608 1039 696 cogitandum
1059 626 1124 691 est,
1143 608 1201 674 sed

127 715 167 780 dc
180 715 295 803 aliquo
308 714 449 778 Octaviae
464 729 596 779 auctore
612 715 710 804 (nam
725 717 837 780 ethaeo
851 731 900 780 est
911 715 995 780 inter
1009 717 1076 781 illas
1089 715 1200 781 decern

128 819 341 911 tragoedias),
357 820 413 907 qui
431 821 492 884 sub
508 821 640 887 Nerone
655 825 780 889 vixerit.
800 823 966 887 Habemus
981 838 1088 887 autem
1104 823 1201 887 talem

131 926 246 990 Annaei
260 925 381 989 Novati
392 924 470 1012 (seu
480 925 656 1017 Gallionis)
666 928 769 994 filium
783 929 948 1008 Marcum,
959 949 1056 1015 quem
1068 945 1202 1016 patruus

131 1034 166 1097 L
175 1033 265 1097 Ann.
276 1031 396 1096 Seneca
409 1032 442 1094 in
456 1033 612 1101 consolat.
623 1033 666 1108 ad
677 1036 837 1113 Helviam,
849 1056 877 1099 c.
893 1034 947 1115 16,
956 1031 1207 1097 blandissimum·

129 1160 271 1226 puerum
288 1153 392 1201 vocat.
417 1138 554 1204 Temere
571 1140 625 1205 hic
644 1157 782 1206 monent
793 1141 854 1205 viri
870 1138 976 1219 docti,
994 1138 1085 1202 hunc
1100 1140 1204 1227 prima

128 1243 300 1324 juventute
317 1258 487 1308 mortuum
505 1266 593 1309 esse:
612 1268 687 1309 narn
707 1247 776 1335 ipse
792 1247 931 1325 Seneca,
947 1243 1029 1308 dum
1044 1242 1135 1307 filioli
1151 1246 1203 1307 sui

131 1365 162 1412 et
173 1347 321 1413 duorum
340 1347 482 1414 filiorum
498 1351 606 1416 fratris
622 1353 674 1416 sui
688 1353 808 1418 Novati
826 1351 955 1416 obitum
969 1351 1077 1440 luget,
1096 1366 1205 1439 gratu-

133 1455 216 1519 latur
236 1456 357 1520 Helviae
381 1457 476 1521 matri
500 1457 541 1522 de
562 1458 722 1523 Novatilla
745 1475 779 1523 et
795 1458 924 1540 Marco,
945 1458 1119 1546 nepotibus
1136 1459 1204 1546 spei

134 1561 271 1642 eximiae,
288 1563 345 1649 qui
359 1561 468 1627 adhuc
483 1565 671 1653 superstites
687 1581 805 1630 essent.
821 1566 927 1652 Atque
943 1565 969 1627 is
985 1585 1073 1628 unus
1086 1563 1203 1628 Novati
1310 1627 1314 1636 .

134 1664 216 1731 filius
227 1667 336 1757 patrui
346 1669 443 1733 etiarn
453 1670 504 1734 sui
515 1670 644 1737 Senecae
653 1694 775 1735 nomen
785 1671 943 1759 recepisse
952 1668 1090 1751 videtur,
1099 1690 1203 1757 quum

135 1772 248 1838 fratres
279 1773 467 1865 philosophi
499 1776 645 1842 Novatus
673 1795 706 1842 et
729 1779 829 1860 Mela,
855 1777 954 1857 hujus
985 1792 1095 1839 autem
1120 1773 1204 1839 filius

134 1880 282 1946 Lucanus
312 1883 559 1972 appellarentur.
592 1883 667 1949 Huc
696 1885 785 1950 facit*
802 1885 894 1950 locus
928 1884 980 1948 ille
1008 1881 1204 1972 Apollinaris

135 1986 257 2051 Sidonii
271 2010 279 2051 :

310 2173 381 2231 Non,
390 2173 457 2237 qnod
466 2173 581 2225 Corduba
591 2185 730 2241 prepotens
739 2175 842 2223 alumnis

312 2259 451 2309 Facundum
461 2263 509 2311 ciet
516 2299 524 2323 ,
532 2262 573 2311 hic
582 2274 654 2328 putea
662 2262 806 2328 legendum,

311 2349 423 2410 Quorum
432 2366 493 2397 unus
501 2350 560 2399 colit
568 2350 692 2416 hispidum
701 2351 838 2406 Platonem,

311 2438 485 2502 lucrumque
493 2454 563 2487 snum
573 2449 655 2487 monet
664 2440 796 2487 Neronem.

311 2524 466 2574 orchestram
475 2527 555 2590 quatit
565 2527 630 2576 alter
636 2527 773 2592 Euripidis,

312 2611 408 2661 Pictum
418 2614 518 2662 facibus
527 2614 670 2679 AEscbylum
678 2624 795 2678 sequutus
798 2648 806 2670 ‚

312 2702 364 2749 Ant
372 2701 486 2766 planstris
495 2702 594 2751 solitum
603 2719 689 2752 sonare
698 2703 826 2767 lbespim,

312 2790 376 2852 QuI,
384 2800 442 2854 post
449 2789 543 2856 pulpita
555 2793 611 2839 trita
620 2791 667 2839 sub
676 2791 811 2849 nothum,

313 2875 424 2924 Ducebat
432 2877 506 2925 olida
515 2894 604 2925 marem
613 2878 720 2943 capellae.

313 2965 424 3026 Pugnant
433 2965 517 3012 tertius
525 2965 567 3013 illc
576 2965 725 3015 Gallicanam

313 3052 383 3099 Dixit
391 3053 505 3114 Curatis,
513 3064 541 3102 ut
550 3069 623 3117 gouer
631 3069 761 3118 socerque,
769 3064 815 3101 otc.

181 3233 328 3296 Primum
344 3230 550 3296 hauddubie
569 3232 679 3295 innuit
701 3233 736 3295 h
752 3233 919 3297 Annaeum.
930 3230 1084 3295 Senecam
1104 3230 1209 3320 philo-

140 3339 279 3427 sophum
293 3337 420 3401 tristem
434 3335 496 3424 (ut
507 3336 716 3425 videbatur),
730 3336 866 3425 ejusque
877 3336 978 3401 libros
990 3336 1032 3400 de
1043 3336 1208 3401 clementia

140 3444 178 3508 ad
193 3444 360 3508 Neronem
376 3442 527 3531 scriptos,
544 3444 664 3531 quibus
681 3443 828 3508 obsoleta
844 3441 995 3532 dogmata
1011 3441 1154 3506 Platonis
1168 3440 1208 3505 de

140 3548 391 3614 administranda
416 3551 582 3637 republica
604 3549 780 3613 renovavit.
805 3550 906 3630 Alter,
925 3570 1023 3636 quem
1045 3548 1079 3611 in
1100 3563 1209 3611 mente

141 3655 270 3738 habuit,
287 3672 321 3720 et
337 3657 391 3720 eui
405 3657 502 3720 tertio
520 3658 593 3720 loco
610 3655 703 3721 Meloe
717 3655 820 3721 filium
833 3655 1004 3720 Lucanum
1024 3653 1208 3734 subjunxit,

142 3760 267 3826 videtur
277 3779 312 3824 et
324 3762 393 3848 ipse
411 3785 476 3825 non
493 3762 593 3827 modo
608 3761 846 3842 Cordubensis,
861 3761 918 3826 sed
930 3786 948 3825 e
959 3760 1090 3825 Senecis
1101 3759 1208 3824 luisse.

143 3865 237 3930 llunc
247 3864 389 3930 nobilem
402 3883 531 3956 poetam
544 3867 701 3957 tragicum
713 3883 823 3946 vocat,
834 3866 889 3953 qui
905 3864 1014 3931 nescio
1022 3887 1063 3927 au
1076 3865 1211 3952 posthac

143 3992 175 4034 se
196 3986 304 4035 totum
327 3970 425 4035 rebus
448 3973 577 4036 rusticis
604 3971 746 4050 dederit,
770 3994 835 4050 ac,
848 3971 936 4035 velut
954 3971 1035 4035 alter
1054 3972 1209 4058 Thespis,
