2662 4800
230 109 336 204 xxxvj
386 110 495 180 nau.
516 112 684 181 narnsn
709 112 772 177 ns
796 112 868 180 urs
891 111 1166 182 rnaeonnns

230 255 303 304 neta
316 239 484 327 percussit.
499 239 582 303 Sunt
597 240 630 302 in
644 261 681 303 ea
693 256 800 304 tamen
810 238 956 327 quaedam
969 242 1077 305 minus
1092 239 1224 329 putida,
1232 264 1291 309 nec

229 347 336 408 minus
356 344 468 426 latina,
484 366 581 432 quam
604 344 637 407 in
665 344 762 408 altera
780 368 912 429 eurum,
941 368 1014 434 quse
1035 346 1158 433 ubique
1174 361 1289 413 tumet.

224 531 338 596 cbsbus,
351 529 466 585 Pentheo
480 526 543 583 item
553 528 686 601 AEschyli,
702 529 752 582 erit
764 528 918 583 dicendum.
942 527 1034 583 Sedet
1049 529 1169 602 AEschyli
1184 531 1290 604 Septem

226 618 262 672 ad
277 619 396 687 Thebas,
417 633 443 678 et
460 621 589 695 Epigoni,
607 631 664 672 tum
682 617 755 671 Accii
773 629 830 671 tum
848 618 945 692 hujus,
959 617 1111 673 Thebaides
1129 631 1208 673 erunt
1210 655 1286 673 .....

226 706 302 761 lianc
313 720 416 775 autem,
432 709 614 782 OEdipodem,
632 706 675 759 vel
694 705 842 773 infelicem,
858 707 901 760 vel
922 705 1083 779 fugientem,
1103 706 1175 760 dieas
1192 707 1292 763 licebit.

224 795 321 849 Parum
339 797 410 852 enim
428 799 510 852 refert
523 798 551 850 in
564 809 621 850 tam
633 811 727 865 parurn
743 806 868 848 accurata
880 792 1060 865 dispositione.
1081 795 1148 860 Quas
1163 795 1222 848 sine
1235 796 1293 849 ullu

223 901 333 955 prorsus
345 896 417 952 erte,
436 886 538 938 nullam
551 880 759 954 implicationem
768 899 873 948 rerum,
885 881 986 934 nullam
995 881 1210 948 extricatiouem,
1228 881 1293 935 nul·

221 970 275 1024 lam
293 971 427 1042 parisiacas
443 972 533 1025 habet.
548 971 577 1025 Si
587 970 677 1044 priora
689 968 793 1035 rideas,
807 969 929 1041 tragoedia
945 980 998 1035 est,
1016 968 1154 1039 OEdipus:
1168 971 1293 1040 siposte·

219 1058 306 1126 riora,
319 1061 424 1131 Septem
439 1058 474 1112 sd
487 1059 602 1112 Thebas.
623 1057 691 1111 Nam
712 1075 797 1130 quum
821 1077 836 1110 a
858 1057 964 1111 miseria
987 1068 1013 1111 et
1034 1056 1170 1111 horrenda
1188 1057 1293 1128 OEdipi

219 1147 367 1202 calamitate
385 1146 513 1219 inceperit
531 1148 558 1201 si
579 1148 668 1210 rdine,
690 1145 775 1218 pergit
791 1143 825 1198 ad
842 1146 957 1199 Eteoclis
973 1157 999 1199 et
1013 1145 1146 1219 Polynicis
1167 1146 1288 1200 factum:

215 1236 292 1307 cujus
304 1235 467 1288 mentionem
478 1234 604 1307 OEdipus
613 1235 656 1287 vix
668 1234 739 1287 iecit.
759 1234 851 1299 Quare
864 1251 949 1305 quum
960 1232 1118 1306 tragosdiam
1132 1252 1217 1287 unam
1233 1253 1289 1287 uon

218 1334 307 1394 posset
320 1325 356 1392 (et
368 1323 427 1395 quis
440 1323 560 1377 eruditus
570 1323 623 1376 hoc
634 1321 746 1392 negoti)
760 1319 827 1374 duas
839 1321 916 1383 nobis
934 1320 1139 1376 declamationes
1153 1319 1239 1375 dedit.
1254 1323 1286 1376 Iu

216 1411 322 1483 priore,
343 1410 514 1465 moriendum
531 1429 587 1464 esse
606 1409 746 1482 OEdipodi
762 1409 897 1479 probatur,
909 1420 1019 1480 propter
1031 1410 1078 1464 illa
1090 1428 1149 1482 quse
1168 1427 1286 1465 comme·

218 1510 365 1563 morantur,
378 1511 405 1550 et
417 1497 525 1550 alterius
537 1508 602 1549 sunt
616 1495 776 1568 argumenti.
790 1495 822 1547 In
841 1496 999 1567 posteriore,
1012 1496 1135 1569 Polynici
1145 1508 1174 1550 et
1184 1496 1285 1552 Eteocli

216 1582 392 1656 pugnandum
407 1603 461 1637 nou
474 1602 540 1637 esse.
559 1582 678 1655 Ideoque
691 1600 740 1635 nee
752 1582 971 1655 inscriptionem,
984 1583 1036 1636 nisi
1054 1583 1144 1637 multis
1161 1602 1283 1639 commn-

216 1690 291 1735 uem,
304 1672 425 1727 iuvenire
437 1671 534 1744 potuit.
550 1672 611 1723 Non
622 1670 783 1734 Phoenissae,
800 1683 830 1723 ut
847 1670 986 1745 Euripides
997 1672 1127 1726 :chorum
1143 1673 1215 1726 enim
1229 1694 1282 1729 uon

215 1758 308 1814 habet.
327 1761 387 1813 Nou
411 1760 520 1832 Septem
549 1759 583 1813 sd
604 1758 732 1814 Thebas:
758 1778 817 1814 sero
839 1762 911 1813 euim
932 1760 1039 1813 illorum
1063 1762 1193 1815 meminit.
1223 1764 1280 1816 Non

215 1847 368 1920 Polynicem
381 1866 389 1900 t
404 1846 450 1901 rix
469 1847 494 1900 ei
511 1859 600 1919 partes
612 1845 717 1900 dantur.
732 1847 871 1919 Euripidis
886 1847 1050 1914 Phosnissss,
1062 1862 1135 1903 recte
1151 1850 1282 1903 locustam

213 1936 353 1989 inscribas.
371 1936 473 1989 Primus
490 1937 562 1989 euim
580 1935 698 1988 sustinet.
719 1934 805 1989 Graeci
818 1938 1020 2009 separa-fussoria
1040 1936 1143 1993 dicunt.
1168 1939 1220 1993 Hie
1239 1939 1282 1993 cui

214 2023 309 2078 dabis?
321 2025 362 2075 An
374 2021 531 2096 OEdipodii
547 2034 623 2076 extra
640 2021 732 2079 drama
751 2034 799 2078 est.
820 2025 863 2076 An
879 2024 1013 2079 locuste?
1029 2044 1089 2080 sero
1102 2025 1242 2099 loquitur,
1256 2039 1282 2080 et

214 2131 310 2184 magns
330 2112 479 2183 argumenti
496 2120 569 2183 perte
587 2113 642 2184 jam
662 2123 832 2184 consumpta.
847 2113 939 2185 Neque
956 2112 1048 2175 refert,
1062 2112 1134 2186 quod
1152 2115 1281 2169 nonnulls

213 2198 317 2254 desint:
330 2197 469 2253 consilium
489 2197 562 2251 enim
577 2209 695 2269 apparet.
714 2197 767 2253 Sed
788 2210 893 2273 oportet
910 2198 977 2251 nihil
994 2199 1097 2272 legisse.
1108 2199 1233 2273 Euripidi
1248 2202 1281 2254 sb

211 2286 331 2360 antiquis
344 2286 481 2363 objicitur,
495 2284 568 2360 quod
581 2285 671 2358 inepte
685 2287 715 2339 iu
733 2286 785 2339 hoe
802 2299 991 2360 argumentum
1010 2285 1181 2358 OEdipodem
1202 2286 1282 2343 indu·

210 2391 270 2446 αις
284 2389 314 2432 ut
336 2378 387 2431 hac
406 2377 510 2431 ratione
533 2375 652 2429 fabulam
672 2375 825 2430 concludat.
850 2377 932 2430 Hane
948 2394 1087 2449 personam
1109 2380 1181 2429 enim
1209 2387 1281 2432 extra

210 2465 303 2520 drama
315 2485 379 2520 esse.
390 2466 481 2531 Quare
494 2476 520 2518 et
533 2481 722 2536 supervacuam
737 2476 762 2518 et
781 2463 916 2534 garrulam
932 2464 1081 2518 orationem
1099 2465 1155 2537 ejus
1174 2478 1281 2520 vocant.

208 2556 304 2610 Noster
317 2572 402 2627 quum
418 2553 472 2606 hoc
485 2553 573 2624 ipsum
590 2564 658 2608 esset
672 2565 844 2618 tractaturus,
863 2552 937 2624 quod
949 2554 983 2608 ab
1001 2573 1034 2607 eo
1051 2552 1138 2607 iuuat
1151 2555 1280 2610 commis·

209 2661 284 2707 sum,
296 2641 460 2714 duplicavit:
473 2641 670 2695 excusationem
681 2651 773 2693 autem
785 2640 914 2711 precidit.
925 2641 969 2693 Ad
985 2641 1093 2694 initium
1106 2641 1180 2695 enim
1191 2654 1280 2696 uuus·

209 2731 285 2794 tulit,
299 2728 372 2803 quod
385 2728 413 2781 iu
431 2728 484 2782 line
498 2740 552 2781 erst
562 2726 741 2781 tolerandum.
750 2728 784 2780 Et
795 2746 880 2799 quum
891 2729 1000 2782 Graecus
1013 2729 1053 2782 illi
1066 2729 1204 2801 sexaginta
1216 2731 1280 2802 plus

210 2816 370 2883 minus‚'hic
382 2817 445 2891 plus
458 2818 547 2870 miuus
560 2815 737 2890 quadraginta
751 2829 778 2870 et
789 2816 919 2872 ducentos
931 2816 1012 2871 dedit.
1030 2818 1100 2890 Ergo
1118 2817 1153 2871 de
1164 2819 1279 2874 miseriis

207 2906 261 2963 suis
270 2905 416 2978 προλογῖζιι,
428 2916 455 2958 et
466 2903 594 2977 tragedia
607 2916 663 2968 est,
682 2903 784 2956 bellurn
791 2903 959 2957 Thebanum.
978 2904 1076 2958 Saltem
1090 2917 1279 2976 argumentum

206 2997 294 3049 obiter
311 2993 507 3066 proposuisset,
523 3004 572 3046 aut
587 2995 622 3047 ab
642 2993 819 3047 exsecratione
831 2993 978 3072 incepisset
990 2993 1094 3048 Scimus
1112 2994 1183 3047 enim
1201 2996 1277 3069 quod

206 3083 240 3136 sit
251 3084 309 3154 ejus
320 3100 430 3146 munus,
441 3081 484 3135 cui
493 3084 509 3139 si
519 3082 614 3141 statne
625 3080 715 3134 datur.
728 3081 1016 3154 Colloquiumiocsstse
1025 3100 1087 3135 cum
1097 3082 1236 3154 Polynice,
1247 3097 1279 3138 ut

203 3170 589 3244 supervacuum,iul‘hosnissis
596 3182 668 3223 recte
676 3169 775 3222 harum
784 3188 873 3223 rerum
881 3169 986 3242 judices
996 3182 1125 3225 notarunt
1135 3189 1238 3242 ,quum
1247 3171 1278 3227 id

203 3273 291 3314 tameo
300 3259 400 3312 Thebis
413 3258 571 3320 instituerit,
584 3271 660 3311 extra
671 3276 778 3311 omnem
790 3276 928 3311 armorum
939 3270 1051 3312 metum.
1062 3258 1112 3312 Hic
1125 3258 1195 3312 inter
1208 3257 1278 3316 duas

200 3349 274 3403 scies.
283 3349 306 3399 ts
319 3347 469 3417 μεταιχμίῳ,
487 3346 557 3400 sicin
569 3364 630 3399 eum
644 3346 732 3398 locum
747 3344 888 3418 Euripides
900 3358 995 3410 vocat,
1016 3345 1175 3401 declamatio
1195 3348 1278 3403 habe·

201 3449 261 3489 tur:
274 3451 332 3506 quas
346 3453 401 3507 quo
413 3434 501 3487 minus
515 3444 694 3500 concurrant,
707 3433 776 3486 nihil
794 3447 889 3504 prater
905 3434 1075 3488 sententiolas
1091 3435 1192 3497 obstat,
1208 3453 1278 3508 quas

202 3523 231 3576 in
241 3521 332 3577 schola
346 3521 388 3575 rix
398 3521 474 3576 t‘eras.
493 3522 564 3592 Ergo
582 3538 597 3573 e
610 3520 671 3573 solis
685 3520 774 3575 Graeci
791 3520 862 3574 vitiis
876 3520 1029 3592 tragaediam
1044 3522 1124 3575 iecit:
1144 3533 1279 3594 παμπλη-

200 3612 304 3682 psiparo.
323 3609 410 3674 euim,
424 3627 484 3681 quis
497 3607 639 3680 peculiaria
657 3607 714 3675 ihi,
733 3609 866 3664 serravit:
889 3608 1000 3663 virtutes
1018 3629 1082 3663 vero
1103 3629 1160 3663 uon
1180 3612 1277 3683 tangit.

198 3696 249 3751 Sed
263 3695 410 3752 aeconomia
421 3696 495 3750 nulla
503 3707 551 3749 est.
561 3694 680 3749 Plurima
687 3694 719 3748 rit
733 3697 812 3767 ἄλογα
822 3695 864 3750 sai
876 3696 1001 3750 ἀπεικότα.
1009 3697 1077 3750 Nam
1090 3716 1139 3752 cur
1149 3697 1277 3771 OEdipus
