2662 4800
247 380 317 449 xliv
372 372 698 449 t.ls.PONTAN1
722 378 786 446 DE
809 380 883 445 HIS
907 378 1182 449 TRAGOEDIIS

245 504 338 568 ratio.
358 500 504 583 Marcus,
527 498 699 587 inquiunt,
717 520 791 562 raro
807 498 993 563 Stoicorum
1012 501 1186 589 opiniones
1209 503 1307 569 inter·

244 607 339 689 serit3
362 607 482 672 Lucius
507 625 568 669 nec
589 603 722 691 Epicuri
746 603 813 688 sui,
840 626 900 668 nec
920 604 1100 669 Metrodori
1119 605 1308 675 dissimulat.

243 712 507 803 Respondemus,
525 710 552 774 si
568 725 600 775 et
618 708 705 773 idem
721 708 786 774 hoc
808 711 922 792 faciat,
950 735 1049 800 quem
1071 735 1141 778 esse
1160 715 1308 781 Marcum

242 821 396 910 cupiunt,
407 839 519 882 nonne
535 815 601 897 jam
619 816 701 879 facta
719 838 789 896 res,
806 831 838 879 et
853 838 940 881 unus
958 815 1131 906 idemque,
1147 842 1216 885 non
1233 843 1310 887 vero

242 925 404 1003 diversus,
430 938 545 987 auctor
560 919 646 984 erit?
673 920 758 984 Nam
783 922 1045 1009 Agamemnone,
1070 946 1169 1011 quam
1197 926 1309 993 Marco

241 1031 410 1111 tribuunt,
423 1027 512 1092 unde
522 1025 567 1091 illi
583 1048 665 1090 vers.
679 1024 762 1108 605,
777 1024 861 1090 leves
873 1027 929 1109 dii,
946 1028 1007 1093 nisi
1024 1029 1065 1093 ab
1078 1030 1241 1119 Epicuro,
1254 1050 1310 1098 aut

238 1134 428 1203 Metrodoro
440 1181 449 1215 ,
461 1148 518 1197 aut
532 1132 667 1197 Scirone
684 1131 819 1221 aliquo?
834 1133 877 1198 Et
889 1157 1021 1199 rursum
1037 1136 1184 1215 Troade,
1209 1161 1308 1228 quam

238 1242 381 1307 fabulam
393 1240 485 1304 Lucii
498 1254 643 1320 censent,
657 1237 806 1303 similiter
820 1240 939 1322 varius,
955 1264 1016 1307 nec
1032 1265 1118 1308 unus
1132 1260 1191 1309 est.
1206 1245 1308 1311 Modo

236 1348 324 1413 euim
332 1345 455 1415 Stoicae
469 1348 561 1421 δόξας,
573 1341 674 1406 modo
685 1342 876 1431 Epicurum,
883 1361 941 1410 aut
951 1346 1135 1414 Platonicos
1146 1351 1306 1439 exprimit

237 1453 279 1518 Et
302 1450 477 1541 praesertim
500 1448 611 1513 Choro
637 1448 745 1536 primo
764 1449 932 1516 Priamum
955 1453 1031 1518 facit
1059 1454 1092 1517 iu
1120 1453 1307 1543 Elysiorum

235 1558 369 1624 amomis
381 1570 581 1637 versantem,
593 1570 627 1619 et
643 1555 784 1620 Hectora
800 1556 888 1621 inter
904 1555 1022 1622 heroas
1036 1559 1169 1648 piasque
1183 1562 1306 1627 animas

234 1678 444 1752 quaerentem,
456 1683 560 1748 quum
573 1676 683 1724 tamen
699 1659 813 1725 eadem
827 1661 946 1745 sabula,
956 1664 1039 1728 nibil
1052 1687 1121 1730 esse
1134 1682 1211 1755 post
1223 1690 1326 1733 mor—

235 1786 324 1852 tem,
340 1766 488 1858 pluribus
504 1765 656 1831 inculcet.
673 1765 777 1832 Priori
793 1768 881 1831 enim
898 1769 1009 1835 Cboro
1023 1769 1127 1862 legas:
1153 1833 1156 1839 .

433 1939 652 1959 .............
663 1904 743 1962 felix
752 1903 888 1970 Priamus,

428 1993 549 2048 Dicimus
561 2011 655 2049 omnes
666 2014 673 2049 :
685 2013 776 2049 tecum
789 1993 920 2050 excedent

426 2081 481 2135 Sua
493 2099 574 2153 regna
587 2081 666 2147 tulit3
682 2102 755 2137 nunc
768 2082 854 2156 Elysii

424 2168 546 2223 Nemoris
557 2167 623 2221 tutis
632 2181 703 2223 errat
715 2169 744 2223 in
758 2170 875 2235 umbrie,

426 2258 554 2329 Interque
567 2257 625 2330 piat
638 2258 702 2313 lelix
715 2258 818 2312 animat

429 2344 543 2399 liectora
557 2346 659 2418 querit.

234 2503 277 2566 At
287 2513 400 2565 contra
412 2512 488 2563 actu
500 2496 549 2580 ll,
567 2497 678 2564 Choro
690 2499 792 2566 altero
806 2501 877 2567 buc
889 2521 1084 2569 occurrunt:

433 2673 511 2691 .....
529 2636 567 2689 Ut
579 2636 672 2692 calidis
684 2639 775 2694 lumut
785 2640 819 2692 ab
829 2639 937 2712 ignibus
959 2700 966 2715 .

427 2724 554 2777 Vanescit
563 2725 678 2796 spatium
687 2745 735 2798 per
743 2727 823 2781 breve
830 2726 969 2782 sordidus:

426 2813 471 2867 sic
482 2812 542 2879 bic,
552 2832 607 2886 quo
619 2816 749 2886 regimur,
763 2817 873 2889 spiritus
886 2818 985 2873 effluet.

427 2902 489 2956 Post
500 2912 613 2956 mortem
625 2902 695 2957 nihil
708 2916 764 2969 est,
780 2905 892 2978 ipsaque
901 2926 976 2962 mors
986 2909 1063 2964 nibil.

235 3060 304 3127 Nec
315 3056 555 3139 mirum,talem
569 3056 603 3121 in
614 3057 741 3147 tragicis
751 3080 821 3123 esse
830 3059 985 3146 Lucium,
995 3085 1099 3150 quum
1111 3066 1144 3131 in
1156 3066 1297 3156 pbiloso-

232 3162 432 3253 pbicisluud
438 3162 537 3227 alium
547 3162 701 3228 invenias.
716 3164 754 3227 ln
766 3165 909 3253 epistolis
923 3167 968 3231 ait
983 3166 1093 3258 (epist.
1103 3171 1298 3265 Lxxxvn:

233 3269 411 3333 «Animum
421 3266 563 3333 Africani
580 3267 613 3331 in
625 3254 759 3346 caelum,
773 3268 863 3334 unde
879 3287 964 3355 erat,
975 3273 1109 3341 rediisse
1123 3280 1300 3365 persuadeo

234 3376 346 3440 mibi.»
361 3376 481 3439 Contra
495 3370 616 3439 ibidem
634 3375 750 3462 (epist.
762 3375 898 3464 XXX),
921 3378 1054 3443 Bassum
1067 3381 1202 3471 Epicuri
1220 3410 1301 3476 prae.

233 3482 335 3571 ceptis
348 3482 582 3568 obsequentem
599 3479 779 3560 inducens,
797 3481 893 3548 docet
917 3500 991 3573 post
1003 3504 1143 3553 mortem
1163 3490 1246 3558 nibil
1267 3498 1303 3561 ti·

233 3587 402 3653 mendum.
416 3586 459 3650 Et
475 3584 551 3649 alibi
563 3606 571 3649 :
582 3586 674 3650 «Hoc
689 3586 749 3650 erit
762 3604 837 3676 post
851 3610 922 3669 me,
938 3589 1027 3677 quod
1045 3609 1120 3659 ante
1136 3618 1189 3660 me
1206 3599 1280 3666 fuit.
1291 3635 1304 3661 ι,

233 3696 291 3777 Et,
316 3689 407 3783 quod
426 3689 525 3780 magis
546 3689 692 3771 mireris,
708 3692 939 3758 Consolatione
959 3694 1001 3760 ad
1022 3697 1177 3765 Marciam
1197 3726 1302 3792 quum

235 3798 316 3864 illud
342 3796 540 3887 Epicureum
567 3793 735 3859 extulisset
760 3819 768 3861 :
796 3828 810 3853 ι
824 3797 906 3862 ultra
925 3816 1065 3867 mortem
1089 3805 1171 3871 mala
1193 3827 1304 3877 nostra

236 3904 428 3985 liniuntur,·
438 3900 544 3965 statim
559 3899 673 3965 eadem
689 3902 939 3986 Consolatione,
956 3908 1060 3996 capite
1071 3909 1207 3996 ultinm,
1221 3915 1305 3982 Cor-
