2662 4800
127 355 222 450 xxxij
262 358 372 427 nnn.
397 356 567 426 umusu
592 356 655 424 ns
680 357 755 425 u1s
778 355 1049 448 runconnus

126 501 192 566 que
204 498 311 543 sermo
324 501 365 542 eo
377 478 486 541 minus
495 492 543 541 est
552 494 708 554 moratus,
715 491 838 564 quanto
854 477 969 565 saepius
980 470 1074 541 acute
1087 477 1196 541 multa

127 582 215 647 dicit.
227 581 326 665 Quod
339 599 378 646 ut
390 597 476 646 recte
487 580 526 645 fit
538 581 578 645 ab
592 604 651 664 eo,
667 581 710 644 ita
725 582 865 646 alienum
878 596 927 645 est
938 603 956 644 a
974 597 1097 645 natura.
1112 581 1195 644 Non

126 689 213 752 enim
240 704 288 753 est
304 687 517 777 singulorum.
542 687 625 751 Nam
643 709 745 775 quum
763 687 950 773 qualitatem
966 687 1065 751 animi
1081 686 1195 752 omnis

127 793 248 859 indicet
266 795 387 877 oratio,
403 816 505 881 eaque
526 793 576 857 vel
593 814 701 856 mores
719 793 953 880 complectatur
969 794 1020 856 vel
1036 793 1194 874 affectus,

127 922 225 963 nemo
241 899 298 987 qui
316 917 410 964 acute
425 898 581 985 loquitur,
596 898 692 961 talem
706 919 776 961 esse
791 919 826 961 se
839 896 1013 986 significat,
1036 897 1094 962 sed
1108 899 1196 963 otio·

126 1028 209 1070 sum.
229 1006 329 1070 Poeta
344 1021 453 1070 autem
473 1003 627 1067 imitatur.
644 1002 727 1068 Vide
745 1003 990 1069 Andromaches
1005 1026 1195 1069 sermonem

125 1110 158 1173 in
171 1109 364 1175 Troadibus.
378 1106 480 1172 Modo
492 1107 572 1171 furit
582 1131 648 1196 prae
662 1106 774 1173 dolore
790 1124 823 1173 et
836 1109 920 1172 rabit
933 1131 941 1172 :
956 1105 1055 1171 modo
1069 1109 1194 1173 lamen·

129 1230 217 1280 tatur
225 1232 257 1280 et
269 1213 585 1279 commiserationem
593 1230 713 1296 movet,
723 1230 761 1278 ut
768 1237 871 1302 quum
881 1212 948 1278 filio
957 1213 1090 1279 abeunti
1101 1232 1195 1279 aeter·

126 1342 208 1383 num
228 1320 297 1383 vale
322 1315 410 1381 dicit.
438 1318 633 1406 Plerumque
655 1334 763 1383 autem
788 1335 837 1383 est
853 1319 940 1401 talis,
966 1318 1094 1405 qualem
1120 1335 1194 1383 tum

126 1425 225 1488 fnisse
243 1438 290 1487 est
314 1445 455 1510 aequum.
476 1424 514 1487 ln
540 1423 749 1488 attribuendo
778 1446 911 1511 quoque
943 1422 1089 1511 (mores)
1114 1446 1193 1487 suos

126 1527 260 1616 singulis
285 1529 395 1592 minor
410 1544 459 1592 est
484 1527 624 1594 Marcus.
647 1528 731 1592 Nam
758 1528 908 1615 Thyestae
930 1551 1030 1616 quare
1050 1528 1193 1616 optimos

126 1631 234 1696 dedit?
246 1649 303 1696 aut
316 1655 375 1696 cnr
391 1654 457 1695 non
474 1632 627 1696 eosdem?
640 1633 749 1696 Primo
762 1634 847 1696 enim
865 1641 933 1693 utros
949 1632 1056 1698 vides:
1070 1633 1110 1696 Si
1120 1650 1194 1698 stant

125 1751 231 1801 tamen
252 1737 316 1801 Dii.
342 1739 381 1801 ln
400 1735 513 1801 eadem
542 1760 638 1802 scena
661 1738 807 1802 Stoicum
825 1761 833 1804 t
849 1738 935 1803 Mus
958 1739 1068 1821 crede,
1084 1737 1195 1825 falsu

127 1865 244 1929 taragna
266 1844 442 1907 nominibus
460 1842 613 1929 placent,
644 1858 677 1907 et
702 1867 774 1935 quae
801 1861 873 1909 tum
890 1844 1095 1933 praecedunt,
1120 1861 1192 1909 tum

127 1963 319 2035 sequuntur.
347 1951 386 2014 ln
410 1947 475 2012 fine
490 1951 586 2013 etiam
602 1950 693 2038 pium
712 1973 720 2013 ε
741 1951 820 2015 libat
840 1951 940 2032 enim,
961 1973 1064 2038 quum
1087 1951 1192 2021 bibit:

127 2053 276 2117 Paternis
288 2055 366 2117 vina
377 2052 515 2117 libentur
526 2052 603 2134 dtis,
622 2053 710 2118 Tunc
719 2054 919 2119 deterioratur.
937 2055 1083 2118 Primum
1093 2055 1195 2144 igitur

129 2156 297 2221 dissimiles
312 2157 403 2222 dedit
419 2182 426 2222 :
443 2181 510 2222 non
528 2159 616 2222 enim
633 2159 704 2223 talis
716 2163 845 2225 Atreus.
861 2159 986 2224 Deinde
997 2160 1193 2247 inaequales:

128 2283 204 2325 nam
222 2261 383 2328 dissimilis
403 2280 436 2327 et
457 2264 507 2327 sui
524 2279 582 2327 est.
596 2264 744 2328 Alterum
756 2277 880 2352 ἀνόμοιον,
892 2266 1029 2330 alterum
1047 2274 1193 2347 ἀνώμαλοι,

129 2366 318 2431 Aristoteles
335 2384 472 2433 vocaret.
500 2369 630 2455 Ulysscs
652 2370 686 2432 in
703 2370 884 2434 Troadibus
900 2371 997 2436 etiam
1014 2393 1113 2453 eum,
1137 2371 1196 2459 qui

130 2472 165 2535 in
184 2472 318 2537 Hecuba
333 2490 397 2557 cst,
418 2472 601 2539 antecedit:
619 2474 776 2540 vafritiem
797 2477 905 2559 enim,
924 2492 1083 2563 quantum
1102 2476 1195 2541 locus

132 2577 159 2640 is
180 2578 323 2661 serebat,
348 2578 481 2644 addidit.
500 2578 604 2645 Graeci
627 2588 700 2663 δριμὺ
722 2582 836 2646 melius
861 2597 894 2645 et
914 2588 995 2645 tatros
1012 2579 1046 2645 id
1065 2596 1195 2645 vocant.
1238 2598 1240 2603 ⁴

132 2683 233 2765 Quod
254 2685 288 2747 in
308 2684 417 2748 multis
441 2686 485 2749 illi
504 2687 581 2754 locis
598 2690 731 2755 dederat
750 2685 931 2775 Euripides.
951 2686 1124 2774 AEschylus
1150 2686 1196 2751 ob

131 2788 274 2853 innatam
290 2791 508 2855 austeritatem
521 2796 627 2860 minus
644 2796 676 2860 id
690 2793 930 2880 assequebatur.
946 2792 1196 2871 constitutionis

132 2916 265 2980 quoque
284 2895 364 2958 ratio
383 2918 449 2958 non
470 2896 591 2965 eadem.
610 2901 682 2964 Una
696 2898 797 2962 Marci
815 2895 961 2984 OEdipus
978 2914 1026 2961 est
1045 2897 1127 2961 mire
1142 2919 1196 2960 ar·

133 2998 266 3062 tiliciosa
286 2998 377 3063 :sola
396 3002 482 3064 enim
502 3018 535 3089 et
556 3004 755 3092 agnitionem
776 3018 808 3066 et
826 3001 1041 3071 mutationem
1062 3001 1096 3065 in
1113 3024 1196 3066 con·

132 3104 267 3167 tranium
276 3103 385 3170 habet.
395 3105 457 3169 Sed
467 3129 505 3170 cx
523 3107 682 3197 Sophocle
694 3128 841 3196 expressa
850 3122 907 3170 est.
917 3107 989 3169 Hoc
998 3121 1197 3194 perpetuum

133 3227 181 3273 est
197 3209 363 3297 Euripidi,
388 3227 426 3274 ut
440 3213 582 3302 prologis
597 3214 665 3278 suis
681 3212 801 3277 nudam
817 3211 1001 3302 argumenti
1020 3211 1197 3299 expositio·

133 3338 208 3378 nem
227 3314 357 3379 intcxot.
377 3316 444 3398 Qui
463 3317 552 3404 quod
576 3319 755 3383 uniformes
774 3318 861 3398 sint,
880 3317 991 3381 festive
1014 3315 1056 3380 ab
1072 3316 1197 3380 Aristo·

131 3405 239 3509 phane
254 3437 430 3487 vexantur:
446 3421 556 3509 quales
568 3438 601 3487 et
613 3424 788 3487 nonnullos
805 3422 942 3512 collegit.
960 3424 998 3485 I'n
1016 3444 1093 3502 una,
1106 3419 1198 3508 quod

133 3526 351 3608 meminerim,
369 3526 536 3615 Iphigenia
553 3528 587 3590 in
604 3527 741 3610 Aulide,
765 3528 857 3591 exiis
876 3550 948 3614 quae
964 3541 1109 3607 exstant,
1132 3525 1198 3589 hoc

132 3653 200 3692 non
216 3630 406 3695 observavit.
425 3631 601 3718 Sophocles
623 3635 750 3697 occulte
766 3632 800 3696 id
818 3632 907 3722 agit:
924 3647 957 3694 et
980 3654 1048 3694 non
1069 3652 1198 3717 semper

133 3737 191 3798 uni
210 3737 394 3800 committit.
421 3736 679 3826 Nonnumquam
703 3762 773 3802 rem
800 3737 986 3825 simpliciter
1004 3733 1198 3825 ingreditur,

131 3858 168 3903 ut
183 3841 364 3930 AEschylus.
382 3842 530 3924 Marcus,
544 3867 636 3909 more
653 3843 837 3932 Euripidis,
854 3853 992 3905 «maternus
1003 3858 1048 3913 τῆς
1058 3851 1197 3912 basiicae<

131 3947 310 4035 praemittit,
324 3947 358 4010 id
372 3964 421 4011 cst
436 3947 551 4012 fabulas
566 3950 749 4031 subjectum
766 3950 903 4037 prologo
919 3947 1104 4011 committit.
1113 3945 1198 4010 vide
