2662 4800
238 132 283 178 xt.
364 110 393 177 J.
415 111 467 180 IS.
489 110 691 182 PONTANI
715 109 779 178 DE
803 113 878 181 HIS
899 114 1176 186 TRAGOEDIIS

221 244 303 312 'est,
316 244 351 295 et
364 229 449 296 clare
460 229 494 294 id
509 228 651 294 ostendit
659 229 793 312 Fabius,
807 231 864 319 qui
877 245 1065 320 utrumque,
1078 234 1304 323 Pomponium

234 335 309 400 dico
326 351 358 398 et
382 335 534 400 Senecam
550 334 805 422 Philosophum,
825 357 892 399 non
916 353 1044 401 tantum
1061 338 1162 403 fuisse
1182 358 1304 408 coaeta·

236 462 326 522 neos,
342 439 399 504 sed
414 440 454 504 de
464 439 616 529 tragoedia
631 461 781 527 quoque,
800 456 833 503 et
847 441 926 527 quid
936 443 970 505 in
982 465 1019 506 ea
1037 442 1192 509 decorum
1206 465 1302 530 esset,

235 545 431 608 familiariter
445 544 529 607 inter
544 565 613 608 sese
629 560 766 607 certasse.
780 561 947 610 memorat.
966 547 1021 610 Ait
1035 547 1122 611 enirn
1139 548 1195 614 lib.
1208 552 1300 635 VIII,

235 671 304 736 cap.
322 648 363 712 3:
382 646 540 711 «Memini
561 647 688 733 juvenis
710 645 888 711 admodum
914 649 999 712 inter
1021 651 1242 739 Pomponium
1267 672 1301 721 et

234 754 388 819 Senecam
410 752 507 816 etiam
531 750 774 839 praefationibus
792 773 862 815 esse
884 768 1074 838 tractatum,
1099 780 1141 820 an
1156 759 1298 848 ‹gradus

234 858 397 924 eliminat»
410 855 499 945 apud
509 857 635 920 Attium
649 856 684 920 in
695 855 849 945 tragoedia
866 856 929 922 dici
946 863 1169 946 oportuisset.»
1181 866 1225 930 Et
1239 866 1298 930 ite·

231 986 305 1029 rum
316 962 400 1026 libro
413 963 463 1042 X,
476 983 546 1048 cap.
561 983 574 1022 1
586 960 664 1042 ,ubi
678 983 830 1025 censuras
845 979 1016 1027 auctorum
1033 966 1110 1055 agit,
1125 967 1297 1058 Pomponii

231 1073 317 1135 inter
329 1069 466 1157 tragicos
479 1067 627 1131 meminit
641 1090 649 1132 t
667 1083 764 1155 atque
777 1066 873 1150 inde,
887 1071 1033 1158 expensis
1046 1074 1185 1152 caeteris,
1200 1078 1296 1142 etiam

232 1177 481 1261 Senecae,quem
499 1195 538 1237 ex
555 1171 713 1236 industria
725 1170 887 1238 distulisse
902 1197 936 1238 se
954 1175 1017 1258 ait,
1033 1177 1148 1243 ultimo
1164 1178 1297 1249 demum

230 1281 322 1361 loco,
339 1276 396 1344 sed
407 1278 541 1342 inomni
551 1276 734 1341 studiorum
750 1294 916 1367 generent
931 1280 1130 1366 excellentis,
1143 1285 1188 1349 ita
1198 1282 1296 1353 etiam

168 1443 172 1453 .
230 1384 433 1475 poematibus
458 1383 550 1463 clari,
575 1380 775 1447 mentionem
801 1383 913 1462 injicit.
938 1383 1031 1451 Adeo
1053 1404 1092 1452 ut
1112 1389 1218 1477 palam
1234 1394 1295 1476 sit,

228 1491 460 1556 Terentianum
484 1510 550 1551 non
580 1503 647 1551 tam
668 1493 827 1568 διακριτικῶς
856 1511 954 1576 quam
973 1510 1132 1573 συγκριτικῶς
1153 1518 1194 1560 eo
1221 1494 1296 1564 loco

229 1619 342 1661 vocem
361 1608 436 1658 ante
454 1615 650 1680 usurpasse:
676 1593 767 1680 quasi
784 1593 939 1661 nimirum
958 1595 1098 1682 diceret,
1117 1616 1298 1692 utrumque

229 1718 263 1766 et
276 1702 429 1767 Senecam
443 1715 476 1763 et
492 1699 713 1787 Pomponium
732 1697 765 1762 id
783 1716 857 1764 ante
874 1702 1042 1768 factitasse.
1060 1705 1299 1799 ltaqueTragi·

229 1829 304 1870 cum
320 1805 488 1885 habemus,
506 1803 562 1890 qui
577 1801 664 1866 idem
679 1818 711 1866 et
724 1802 953 1892 Philosophus.
970 1808 1031 1871 Cui
1045 1809 1188 1893 accedit,
1204 1814 1302 1901 quod

227 1933 339 1975 versus
358 1932 433 1974 curn
452 1909 580 1972 Senecae
599 1908 733 1971 nomine
749 1931 789 1972 ex
811 1910 951 1975 Hercule
966 1912 1096 1978 furente
1111 1911 1189 1982 citet
1205 1918 1298 1985 idem

167 2024 171 2030 '
228 2014 463 2088 Terentianus,
491 2033 573 2100 quos
592 2028 625 2076 et
640 2011 685 2075 ibi
702 2010 866 2101 hodieque
884 2017 1044 2104 reperias,
1067 2035 1100 2085 et
1116 2016 1238 2089 Fabius
1257 2047 1300 2091 ex

227 2119 372 2201 ejusdem
381 2119 506 2200 Medea,
521 2140 559 2182 ex
567 2115 747 2182 Troadibus
763 2118 905 2202 Probus,
918 2144 956 2185 ex
968 2123 1147 2214 Hippolyto
1161 2128 1297 2197 Priscia-

111 2220 116 2235 '
227 2249 310 2308 nus,
326 2242 359 2290 et
374 2223 514 2313 denique
531 2246 570 2288 ex
587 2223 729 2312 Thyeste
746 2225 923 2292 Luctatius.

269 2333 332 2398 Hic
348 2333 414 2412 jam
430 2334 545 2397 factam
566 2354 600 2395 se
619 2355 689 2396 rent
708 2333 828 2398 habere
845 2335 1006 2422 quispiam
1029 2354 1134 2426 putet.
1155 2340 1221 2407 Sed
1235 2344 1291 2411 ite-

226 2462 301 2503 rum
313 2437 529 2503 controversia
544 2438 660 2517 oritur,
674 2452 707 2500 et
723 2454 833 2501 movet
850 2461 920 2501 eam
928 2439 1047 2506 Paulus
1059 2443 1245 2529 Diaconos,
1259 2464 1290 2514 et

225 2560 300 2609 ante
314 2566 390 2607 eum
407 2534 560 2606 Sidonius
572 2543 733 2631 praecipue
747 2543 947 2630 ApollinarIs.
967 2545 1050 2611 Nam
1067 2548 1120 2612 ille
1139 2538 1288 2618 ilistoriit

225 2648 388 2728 miscellae,
405 2648 460 2712 lib.
471 2648 565 2728 VIII,
580 2648 708 2712 Senecae
726 2647 851 2736 Tragici
877 2651 1041 2733 meminit,
1062 2655 1153 2740 quasi
1176 2656 1289 2722 distin·

226 2774 329 2842 guens
341 2772 416 2816 eum
426 2772 443 2814 a
452 2750 663 2839 Philosopho.
676 2750 780 2814 Verba
793 2751 861 2831 ejus
872 2768 966 2818 sunt:
982 2756 1110 2837 «Hujus
1121 2757 1286 2850 (Neronis)

225 2857 426 2946 temporibus
445 2874 548 2945 poetae
569 2856 735 2945 pollebant
756 2857 868 2922 Rornae
887 2861 1055 2943 Lucanus,
1079 2862 1241 2932 Iuvenalis
1257 2886 1289 2935 et

223 2965 367 3047 Persius,
393 2964 579 3052 Senecaque
595 2963 781 3050 Tragicos.»
806 2965 848 3029 Et
864 2967 981 3055 magis,
1010 2992 1108 3056 quem
1129 2969 1215 3055 dixi,
1240 2976 1289 3041 Si.

224 3071 363 3135 donius:

363 3233 486 3296 Quorum
501 3248 571 3283 unus
586 3227 650 3283 colit
663 3228 800 3302 hispidum
813 3231 935 3293 Platona,

364 3322 555 3392 Incassumque
569 3336 645 3372 suum
660 3333 751 3373 monet
761 3321 893 3375 Neronem
904 3339 911 3382 ;

362 3411 530 3465 Orchestram
544 3411 630 3483 quatit
643 3410 709 3464 alter
721 3411 864 3483 Euripidis.

221 3577 284 3656 En,
297 3576 414 3639 diserte
433 3576 517 3639 duos
534 3591 659 3639 tanturn
674 3598 795 3664 eosque
809 3576 951 3642 divorsos
967 3580 1103 3644 Senecas
1120 3586 1291 3670 agnoscit3

221 3681 457 3770 Philosophum
469 3683 625 3758 alterum,
635 3682 962 3772 alterum'l'ragicum.
975 3687 1027 3765 At,
1037 3686 1160 3769 Sidoni,
1175 3688 1294 3757 rhetor

216 4114 399 4318 fn
