2662 4800
432 331 741 400 DISSERTATIO.
1048 330 1130 425 xxiij

64 471 145 519 nota
155 439 265 541 aliqua
275 465 333 515 aut
339 450 476 515 verbulo
489 452 501 540 (
512 474 585 539 quae
601 452 671 532 eiua
687 451 849 516 accuratio
862 450 939 539 cot)
949 451 1133 519 indicasset.

62 559 162 625 Addo
178 572 410 648 argumentum
432 556 473 621 ab
492 578 580 639 tero,
606 579 674 645 quo
693 556 810 646 colligo
832 580 903 622 eam
926 558 1079 646 scriptam
1098 579 1137 622 ex

62 668 155 732 hirco
171 664 340 730 versibus:

259 829 376 896 Parcite,
389 847 406 882 o
417 828 486 890 divi,
500 829 603 882 reniam
618 846 767 900 precamur,

258 916 337 971 Vivat
351 929 381 971 nt
395 929 482 984 tutat,
493 935 566 971 mare
579 917 626 990 qui
640 916 763 989 subegit:

260 1004 313 1060 Sed
323 1004 390 1059 furit
401 1005 474 1058 vinci
486 1003 612 1057 dominus
623 1003 752 1076 profundi

473 1095 566 1165 Regna
577 1091 705 1147 neruda.

59 1287 156 1368 Quos
175 1287 313 1350 omnino
328 1286 443 1350 insitos
460 1284 578 1349 decore
599 1301 632 1349 et
650 1285 824 1374 'ingeniose
840 1285 875 1348 iu
891 1284 1022 1350 laudem
1042 1287 1139 1352 Clau·

58 1391 124 1474 dii,
151 1392 209 1481 qui
228 1392 426 1456 Britanniam
448 1406 529 1455 tuuc
549 1391 732 1479 aperiebat,
755 1392 851 1479 plane
874 1391 955 1455 mihi
972 1391 1073 1458 sedet.
1095 1395 1138 1458 At

58 1497 183 1564 Seneca
200 1512 280 1562 tunc
294 1497 382 1562 vixit.
394 1497 500 1561 Etiam
516 1497 618 1585 ttylua
637 1512 670 1560 ct
685 1512 753 1561 tota
769 1496 903 1584 scriptio
921 1497 985 1561 hoc
1002 1503 1136 1586 pertua·

61 1601 143 1666 deut
157 1625 165 1667 ε
180 1624 254 1690 quae
268 1602 410 1690 optima,
428 1616 461 1665 et
471 1600 569 1691 digua
585 1600 712 1688 optimo
723 1600 779 1664 illo
794 1600 962 1687 scriptore.
974 1600 1059 1665 Sanc
1074 1604 1131 1691 qui

60 1707 213 1772 Medeam
231 1723 353 1771 attenta
370 1723 403 1770 et
416 1707 605 1788 substricta',
623 1721 661 1770 ut
680 1706 725 1772 aic
744 1704 865 1786 dicam,
881 1728 960 1769 aure
975 1707 1083 1796 leget,
1104 1708 1138 1771 il·

64 1816 175 1879 lustris
195 1813 317 1902 ingenii
332 1812 448 1877 foetutu
466 1812 631 1894 fatebitur,
647 1828 680 1876 ct
698 1811 793 1899 plane
809 1811 949 1875 melioris
966 1813 1043 1895 riri,
1064 1836 1134 1878 mc·

66 1920 153 1985 [ioris
166 1921 233 1985 acri.
247 1922 309 2003 Eu,
317 1919 400 1984 duos
414 1919 585 2008 scriptores
598 1918 715 1983 hahet:
727 1918 785 1982 ubi
798 1919 932 1982 tertius?
956 1921 1055 1985 latet:
1076 1943 1137 1986 uec

70 2027 157 2090 facile
174 2042 281 2090 totum
293 2046 369 2090 cum
386 2023 534 2089 educam.
546 2022 667 2104 Video,
683 2022 849 2087 neorideo
865 2045 873 2087 ι
896 2046 966 2088 esse
978 2024 1065 2106 scio,
1077 2025 1135 2090 aed

74 2152 134 2217 quo
147 2133 255 2196 colore
271 2147 303 2195 et
318 2130 467 2210 nomine,
481 2128 640 2194 nondum.
656 2130 754 2193 Hunc
765 2150 826 2218 ego
838 2128 949 2193 tribuo
959 2128 1134 2196 Thebaidi:

77 2235 201 2322 quidni?
216 2259 255 2301 ex
273 2237 358 2324 stylo
378 2252 412 2299 et
433 2249 500 2299 tota
518 2233 781 2299 conformatione
802 2233 871 2314 ejus
888 2234 1051 2324 tragaediae
1067 2251 1134 2302 tatu

80 2341 148 2405 mihi
162 2357 286 2406 certum
298 2357 364 2424 eat,
381 2341 480 2405 alium
498 2332 666 2404 auctorem
677 2341 707 2404 ei
721 2360 808 2422 csse,
818 2363 917 2428 quam
929 2363 983 2405 mc
999 2341 1132 2429 spirare.

83 2445 196 2525 Confer,
216 2445 327 2527 sodes,
343 2469 419 2510 cum
438 2444 583 2509 certetis:
602 2442 682 2531 quid
700 2444 830 2508 simile?
849 2445 1055 2509 OEcouomia
1083 2444 1134 2510 di·

84 2570 173 2633 ruta,
195 2553 265 2616 sinc
290 2551 413 2634 choris,
433 2550 503 2614 aine
525 2547 786 2637 interruptione,
802 2549 960 2612 continua
983 2551 1074 2637 quasi
1093 2550 1134 2615 ad

86 2658 232 2722 uomicam.
249 2656 389 2745 Scriptio
405 2671 472 2720 tota
488 2654 680 2737 uniformis,
696 2653 850 2742 simplex,
866 2654 937 2718 sinc
952 2655 1132 2721 carminum

86 2760 135 2825 ulla
146 2766 317 2828 varietate:
335 2762 392 2828 aed
407 2762 528 2850 scripto
542 2760 605 2849 (ita
617 2784 672 2826 me
683 2762 772 2825 Deus
788 2758 911 2847 amet!)
929 2762 1003 2843 alta,
1020 2759 1133 2846 docta,

87 2869 194 2950 grandis
203 2917 213 2951 ,
223 2885 255 2933 et
265 2892 338 2957 quae
348 2868 489 2947 suojure
497 2867 641 2931 ambulet
652 2866 685 2930 in
699 2867 878 2931 cothurnis.
888 2865 979 2930 Nihil
993 2890 1131 2955 usquam

83 2967 222 3054 juvenile,
239 2973 442 3054 arcessitum,
460 2971 604 3036 fucatum
618 2995 626 3036 z
641 2971 765 3059 phrasis
783 2987 815 3035 et
828 2971 926 3034 verba
942 2972 1023 3036 lecta
1036 2995 1044 3036 :
1058 2996 1133 3037 sen·
1221 3037 1225 3046 ,

85 3078 239 3142 tcutiarum
263 3079 344 3142 mira
361 3093 394 3141 ct
410 3077 577 3165 inopinata
597 3077 766 3158 acumina,
789 3093 820 3139 et
837 3076 987 3140 acumina
1004 3072 1129 3160 virilia,

83 3177 271 3272 fortiazquae
289 3206 342 3246 me
358 3181 491 3270 quidem
515 3181 559 3245 ita
578 3178 719 3262 serium,
749 3196 786 3244 ut
803 3202 871 3243 non
888 3180 1007 3244 exciter
1022 3183 1129 3246 tolum

81 3283 112 3348 ad
125 3310 177 3370 ea,
202 3288 260 3352 ted
276 3287 468 3353 subsultcm.
492 3284 583 3369 Quid
599 3286 662 3350 tale
679 3287 714 3349 in
734 3283 826 3348 aliis?
844 3285 974 3349 audebo
990 3309 1058 3350 rem
1078 3284 1147 3349 di-·
1182 3298 1184 3303 '

79 3412 147 3458 tere.
174 3394 290 3484 Scripti
320 3393 482 3484 gemmula
514 3393 583 3456 haec
613 3408 678 3472 est,
710 3406 743 3455 et
760 3413 859 3486 quam
877 3390 994 3456 lubens
1011 3391 1129 3456 retule-

10 3540 12 3551 ·
75 3498 127 3562 rim
144 3499 194 3563 vel
213 3499 254 3563 ad
275 3499 415 3588 Augusti
440 3521 555 3562 aarum.
580 3499 644 3562 Per
661 3497 782 3561 bellum
800 3495 932 3585 quidem
949 3494 1041 3561 civile
1057 3519 1128 3560 eam

72 3604 214 3693 scriptam
224 3654 232 3686 ,
243 3621 276 3669 et
285 3627 324 3668 ex
333 3604 516 3693 argumenti
533 3602 690 3667 electione
705 3602 864 3691 suspicor,
880 3618 960 3668 etex
970 3601 1127 3684 versibus,

69 3710 120 3798 qui
135 3711 226 3797 quasi
243 3710 317 3774 data
335 3732 430 3797 opera
449 3708 526 3772 huic
545 3709 591 3772 rei
608 3705 729 3772 inserti.
756 3706 926 3796 Quidquid
944 3706 1043 3786 hujus
1064 3722 1127 3788 est,

65 3814 203 3880 tollenda
220 3837 298 3880 sane
316 3837 373 3897 ea,
392 3838 452 3880 uec
467 3815 552 3878 ultra
574 3812 724 3901 calcanda
743 3811 881 3902 pedibus
904 3811 1008 3900 ignari
1029 3812 1126 3902 vulgi.

65 3922 145 4002 Vos,
164 3921 281 4003 critici,
297 3920 410 4008 ponite
425 3936 457 3983 ct
472 3919 589 3983 habete
605 3918 757 3983 audacter
772 3920 858 3982 inter
875 3916 977 4005 prima
993 3939 1126 3980 romana
