2662 4800
522 232 528 263 ἱ
647 232 650 237 ,

496 362 802 433 DISSERTATIO.
1098 363 1182 456 xxxj

130 480 300 562 orationis,
318 497 351 545 et
370 481 568 549 sublimitate
584 485 699 565 vincit,
721 483 763 548 ad
778 505 960 549 sermonem
977 504 1083 572 usque
1097 485 1184 548 anti·

129 609 265 674 quorum
284 585 459 654 studiosus.
477 590 570 673 Quos
590 588 671 653 dnm
691 590 822 654 Marcus
841 590 971 677 propria
993 590 1114 654 virtute
1132 589 1184 654 ani

127 691 278 779 temporie
291 692 413 757 anteire
425 710 572 777 conatur,
580 716 664 783 saepe
674 708 801 759 tantum
816 692 851 759 lit
863 692 1024 759 dissimilis
1036 717 1044 759 :
1057 695 1184 760 civilem

127 813 232 861 antem
247 798 302 862 vix
324 800 459 865 retinuit
475 823 660 866 sermonem
677 823 685 864 τ
702 799 738 862 in
757 821 826 887 qno
842 798 1014 886 Euripides
1040 798 1182 875 excellit,

128 923 322 990 quamquam
338 927 422 993 saepe
438 907 578 996 tragicus
595 907 649 970 vix
666 905 753 969 ultra
768 904 914 969 affectus.
933 903 1061 970 Marcus
1087 907 1185 969 luxu·

128 1008 201 1071 riam
214 1031 284 1072 non
296 1031 425 1099 semper
436 1012 562 1095 vitavit3
574 1012 693 1077 Lucius
704 1033 785 1076 vero
796 1011 893 1075 etiam
907 1011 943 1075 in
959 1012 1028 1075 aliia
1043 1012 1183 1100 castigat.

130 1112 172 1177 De
183 1112 349 1201 Polyxena
362 1116 451 1204 apud
463 1116 494 1181 N
495 1139 627 1182 atonem
643 1115 770 1181 dicebat
784 1115 939 1196 Hecuba,

269 1288 505 1308 ..............
522 1254 595 1311 Cinia
606 1256 662 1328 ipse
676 1254 772 1328 sepulti

264 1340 298 1394 In
310 1359 393 1412 genna
405 1342 457 1406 boo
470 1343 564 1398 iuvita
580 1344 684 1398 tumulo
697 1360 804 1416 qnoque
816 1343 947 1397 eenaimm
959 1342 1073 1396 boetem

265 1427 385 1483 AEneide
397 1429 518 1484 soconda
530 1430 579 1484 fui.

132 1570 163 1636 ld
179 1590 311 1640 secutus
329 1590 379 1641 est
394 1576 466 1654 ille,
485 1577 542 1642 sed
558 1592 597 1643 ut
614 1578 804 1666 castigaret:

264 1704 359 1761 Adhuc
369 1708 486 1761 Achillea
497 1708 560 1761 vivit
573 1708 603 1760 in
614 1726 705 1780 poenaa
716 1707 875 1782 Phrygum?
950 1716 956 1733 “

263 1792 499 1849 Adhaerebeltat?
514 1796 659 1850 omnum
673 1793 776 1848 Paridis
788 1794 890 1849 leteml
964 1822 969 1832 ·

263 1880 339 1935 Cinia
351 1882 409 1955 ipae
419 1893 540 1936 nostrum
553 1881 711 1954 aengninem
723 1899 754 1935 ae
766 1881 885 1935 tumulus
896 1880 959 1936 altit.

132 2053 208 2119 llam
223 2070 258 2119 et
273 2055 405 2126 vadavit
420 2055 511 2144 quod
534 2055 629 2139 dixit,
647 2071 680 2120 et
697 2055 739 2120 ad
755 2055 1009 2137 vehementiam,
1032 2054 1187 2119 orationis

132 2156 262 2247 figuram
276 2159 409 2225 addidit.
424 2163 466 2226 Et
481 2162 617 2226 servavit
633 2160 722 2249 qnod
737 2160 916 2242 eminebat,
928 2176 961 2225 et
972 2159 1082 2238 rejecit
1096 2156 1189 2247 quod

133 2263 320 2330 abundabat.
344 2265 442 2332 Aliud
459 2284 508 2331 est
524 2268 611 2331 enim
633 2267 806 2348 rebellare,
833 2264 920 2329 aliud
938 2265 1045 2330 adhuc
1061 2265 1187 2347 vivere,

132 2370 212 2436 aliud
227 2389 304 2460 post
319 2373 446 2439 obitum
465 2375 655 2461 sanguinem
674 2374 771 2439 sitire.
797 2374 874 2437 Duo
894 2373 1001 2461 priora
1020 2373 1115 2437 etiam
1140 2372 1189 2435 in·

133 2476 322 2565 tenogando
333 2501 341 2543 ι
351 2501 423 2566 quae
439 2489 624 2558 πολιτικώτερον
639 2477 784 2542 efficiunt
792 2498 993 2557 sermonem,
1005 2493 1037 2541 et
1049 2477 1188 2541 formam

132 2579 311 2648 immutant.
339 2586 377 2649 ln
404 2608 470 2673 quo
494 2586 641 2650 Marcum
666 2601 790 2674 patrem
819 2601 868 2648 est
896 2600 1047 2663 secutus,
1073 2581 1190 2670 quiin

132 2686 360 2754 controversiis
376 2691 552 2778 praeiverat.
573 2690 623 2754 lbi
640 2691 726 2755 enim
743 2688 783 2754 de
801 2689 866 2755 hoo
883 2690 955 2753 loeo
971 2688 1038 2753 ait:
1057 2687 1190 2770 tQuum

131 2790 290 2882 Polyxena
307 2811 390 2860 etset
406 2795 562 2878 abducta,
580 2812 618 2860 ut
630 2795 671 2860 ad
687 2797 850 2861 tumulum
867 2795 999 2860 Achillis
1012 2792 1191 2859 immolare·

132 2911 192 2981 tut,
207 2900 344 2965 Hecuba
358 2899 457 2983 dixit,

272 3073 528 3093 ...............
546 3039 619 3094 Ciuis
631 3038 687 3112 ipae
699 3040 795 3109 eepnlti

268 3126 302 3180 In
313 3145 399 3198 genna
410 3126 463 3182 boo
475 3127 557 3181 anit.

128 3268 260 3338 Poterat
272 3270 338 3338 boo
352 3288 526 3339 contentus
543 3295 614 3339 esse
627 3296 635 3339 ε
647 3272 783 3357 adjecit,

200 3466 202 3470 Ι
274 3439 458 3456 ...........
472 3401 576 3455 tomulo
590 3420 699 3475 quoqne
712 3402 841 3458 nunnus
850 3401 965 3458 boetem.

124 3560 196 3626 Neo
211 3561 278 3626 boe
299 3576 474 3625 contentus
489 3558 624 3642 adJ'eeit,

272 3696 389 3752 AEnctd·
401 3694 525 3752 ineunda
538 3697 587 3751 tui.

125 3840 244 3908 Aiebat
255 3856 367 3906 autem
376 3841 514 3906 Seamns
524 3862 593 3905 rem
602 3860 711 3904 veram
722 3860 828 3906 aunon
844 3841 953 3904 minus
969 3859 1122 3928 magnam·
1130 3840 1197 3903 vir·

125 3961 235 4012 tntem
251 3968 345 4029 ease,
363 3946 447 4012 bene
462 3945 610 4012 desinere
625 3967 725 4034 quam
741 3945 819 4010 scite
835 3944 977 4011 dicere.»
994 3944 1096 4011 Marci
1112 3967 1198 4034 quo-

986 4050 1024 4120 bl
