2662 4800
297 335 398 406 UNO
423 333 795 404 TRAGOEDLARUM
820 334 1049 404 AUCTORE.
1176 335 1209 404 lv

125 458 206 525 vid.
231 455 328 547 epist
353 455 390 536 8,
416 454 457 519 ad
480 454 583 520 Lucil.
609 452 709 536 Quod
732 470 840 518 autem
864 455 898 519 in
923 455 975 520 bis
1001 457 1145 546 epistolis
1166 461 1207 524 ad

126 562 293 630 Lucilium
306 578 437 651 poetam
448 560 684 625 versiculorum
698 575 731 622 et
742 560 922 625 carminum
935 585 954 626 a
965 584 1000 627 se
1012 563 1208 652 scriptorum

128 670 256 736 nullam
270 667 474 733 mentionem
488 665 617 749 fecerit,
635 687 696 731 nec
711 665 745 728 in
761 666 830 729 ullo
846 689 958 732 earum
971 669 1045 734 loco
1059 669 1209 735 subindi-

130 775 266 859 ctverit,
284 795 320 839 se
336 774 445 862 ipsum
464 793 599 860 quoque
616 786 746 859 poetam
766 793 825 835 seu
841 771 1017 860 aliquando
1035 776 1132 840 luisse
1149 799 1209 842 seu

131 881 239 948 adbuc
256 903 345 964 esse,
362 879 483 943 mirum
496 876 644 943 videatur
656 878 712 959 iis,
732 878 789 966 qni
807 880 970 961 nesciant,
984 879 1073 946 unde
1086 882 1208 949 Seneca

134 989 301 1053 materiam
325 984 487 1051 scribendi
512 984 706 1073 plerumque
729 984 870 1072 petierit.
898 985 1015 1073 Neque
1038 988 1126 1053 enim
1147 989 1209 1054 illas

132 1093 275 1184 epistolae
284 1114 361 1156 cum
370 1090 553 1171 Ciceronis,
565 1090 660 1154 Plinii
668 1089 948 1179 aliorumve,qu1
958 1091 1000 1156 de
1008 1091 1211 1179 bomrnrbus,

132 1199 332 1287 quibuscum
355 1195 526 1277 vivebant,
555 1216 592 1259 ac
619 1192 662 1259 de
686 1194 786 1260 rebus
817 1218 879 1260 suo
910 1212 1059 1287 tempore
1081 1199 1211 1287 publice

130 1307 348 1397 privatimque
359 1304 455 1394 gestis
467 1302 571 1367 multa
582 1302 747 1367 memoriae
759 1302 973 1387 tradiderunt,
984 1307 1212 1394 comparando

131 1429 226 1496 sunt,
238 1410 298 1477 sed
310 1411 408 1475 unice
418 1411 486 1476 fere
498 1424 646 1499 spectant
659 1406 701 1472 ad
713 1407 886 1497 quaerenda
895 1410 1029 1476 rationis
1038 1412 1211 1503 principia,

130 1519 253 1606 quibus
263 1516 412 1581 doctrina
426 1514 467 1579 de
479 1514 627 1578 moribus
639 1511 760 1578 firmari
771 1513 890 1603 possit,
903 1531 936 1580 et
946 1514 987 1579 ad
998 1518 1208 1584 formandum

130 1646 171 1689 ex
182 1624 235 1689 his
248 1622 416 1714 praeceptis
434 1622 592 1685 animum.
607 1620 714 1685 Possis
731 1617 855 1703 dicere,
872 1642 984 1685 earum
1005 1639 1172 1689 auctorem
1190 1649 1210 1690 e
1287 1680 1290 1688 .

131 1728 260 1794 duabus
282 1727 538 1815 rebuspublicis,
562 1726 683 1814 quibus
704 1725 864 1815 sapientes
884 1743 1011 1792 mentes
1032 1727 1209 1819 adscriptas

134 1856 201 1900 esse
218 1851 352 1917 monet,
369 1854 436 1897 non
456 1854 545 1914 eam,
565 1856 638 1921 quae
659 1832 779 1896 civium
797 1847 863 1914 est,
880 1831 936 1896 sed
951 1834 1107 1914 majorem
1122 1836 1208 1902 illam

137 1941 259 2030 generu
277 1940 414 2004 humani
427 1936 555 2003 assidue
572 1939 747 2028 cogitasse,
763 1939 942 2026 oculosque
955 1961 1032 2003 suos
1046 1963 1066 2004 a
1082 1960 1209 2029 specta·

138 2047 213 2111 culis
229 2046 301 2111 isu's
319 2044 513 2126 levioribus,
530 2043 650 2131 quibus
674 2058 746 2106 tum
765 2065 816 2106 res
836 2044 982 2108 Romana
1000 2045 1086 2110 inter
1102 2047 1208 2135 tripu·

141 2150 257 2218 dientes
276 2151 474 2217 histrionum
497 2167 638 2214 catervas
659 2147 843 2232 laborabat,
866 2151 1018 2216 consulto
1038 2154 1207 2237 avertisse,

144 2277 192 2341 ne,
205 2257 287 2323 dum
303 2273 406 2321 status
419 2255 542 2347 publici
557 2255 690 2319 nimiam
704 2278 817 2320 curam
834 2272 975 2345 gereret,
991 2256 1104 2324 alienis
1115 2260 1208 2327 malis

146 2378 309 2453 occupatus
337 2385 397 2427 sua
428 2361 604 2452 negligeret
636 2361 756 2426 ulcera.
794 2361 893 2444 Inde,
928 2386 1032 2451 quum
1061 2364 1206 2453 primum
1243 2390 1249 2397 ·

149 2470 275 2558 receptui
300 2468 488 2551 cecinisset,
512 2491 580 2531 non
604 2466 711 2531 aulam
735 2465 836 2530 modo
859 2467 1000 2532 Neronis
1025 2468 1083 2534 sed
1102 2471 1203 2558 ipsam

150 2594 265 2662 quoque
279 2574 471 2638 memoriam
484 2574 559 2639 vitae
572 2571 716 2661 pristinas
730 2587 890 2636 eteorum
902 2573 1070 2658 omnium,
1085 2577 1204 2664 quibus

152 2677 211 2743 olim
228 2697 286 2745 aut
305 2681 431 2769 placere
444 2680 530 2763 aliis,
552 2694 610 2744 aut
633 2701 740 2759 mores
765 2701 879 2742 eorum
904 2679 1065 2769 corrigere
1084 2682 1204 2765 voluit,

152 2781 283 2875 effugisse
298 2785 438 2867 videtur,
455 2809 492 2850 ac
512 2802 618 2850 totum
637 2808 672 2849 se
691 2783 823 2849 tradidit
840 2784 1056 2850 severioribus
1077 2787 1203 2852 studiis.

152 2884 269 2956 Videant
277 2908 387 2956 autem
399 2890 586 2978 isti,quibus
595 2892 700 2979 ipsum
712 2890 852 2954 auctoris
863 2890 1027 2956 silentium
1038 2892 1204 2957 materiam

153 2986 302 3060 dubitandi
323 2994 364 3060 de
385 2996 530 3076 ejusdem
554 2994 715 3084 tragoediis
742 2995 975 3083 suppeditavit,
997 3019 1039 3060 an
1063 3020 1105 3062 ne
1127 3020 1203 3063 eum
1307 3000 1311 3005 ’

154 3103 286 3187 temporis
309 3102 343 3164 in
370 3100 506 3165 colenda
533 3117 601 3165 arte
627 3101 746 3191 tragica
770 3100 934 3191 absumpti
956 3102 1090 3165 forsitan
1112 3125 1205 3192 seque

154 3206 336 3288 penituerit,
352 3207 435 3270 utin
450 3199 675 3295 perquirendis
688 3206 963 3270 veteris-historiar
980 3210 1204 3274 monumentis

152 3303 303 3396 aliquando
322 3312 387 3376 hoc
405 3312 474 3400 ipse
493 3313 656 3401 professus
677 3310 747 3377 est?
768 3312 926 3393 Quaerant
948 3311 1065 3396 iidem,
1084 3337 1126 3378 an
1150 3313 1204 3378 ille

153 3409 283 3495 forsitan,
298 3418 379 3483 dum
395 3418 540 3500 vivebat,
561 3418 684 3482 fabulas
699 3440 718 3481 a
737 3440 772 3481 se
786 3418 980 3505 compositas
996 3420 1092 3507 plane
1108 3418 1202 3484 dissi·

152 3522 317 3607 ululaverit,
336 3547 378 3588 nc
400 3524 526 3588 animos
548 3524 668 3588 civium
686 3545 822 3587 suorum
845 3522 1023 3612 cupiditate
1046 3523 1201 3589 ludorum
1241 3522 1244 3526 ’
1324 3520 1328 3527 ’

151 3631 332 3696 scenicorum
352 3632 419 3695 lere
437 3630 651 3711 insanientes,
677 3629 823 3716 exemplo
842 3652 903 3694 suo
922 3631 1023 3719 magis
1043 3630 1203 3712 irritasse,

152 3747 179 3791 δῦ
189 3731 321 3820 Neroni,
341 3738 575 3826 rempublicam
592 3736 782 3825 spectaculis
795 3735 863 3799 fere
877 3736 1051 3817 evertenti,
1069 3737 1203 3824 pessimi

152 3826 229 3915 hujus
243 3843 370 3909 consilii
391 3859 506 3907 auctor
524 3842 623 3906 luisse
642 3839 828 3906 videretur?
850 3839 920 3905 Nos
940 3839 1071 3928 quidem
1092 3842 1202 3908 minus

152 3938 228 4010 etiam
238 3950 405 4031 miramur,
420 3970 513 4032 eum,
529 3949 586 4037 qui
597 3947 795 4013 carminibus
808 3947 874 4012 suis
885 3946 1037 4012 invidiam
1047 3947 1201 4038 principis
