2662 4800
227 376 334 443 xxxiv
371 376 479 449 DAN.
497 374 666 448 HEINSII
691 380 754 448 DE
777 381 852 449 HIS
877 378 1153 461 TRAGOEDllS

228 484 342 577 Qualis
360 517 429 565 erat
444 501 505 563 iste
523 500 649 581 icarus,
669 503 724 587 qui
742 502 860 588 (verba
878 516 956 565 sunt
971 497 1169 586 Tranquilli)
1181 505 1285 587 primo

223 609 334 672 statim
349 621 464 671 conatu
466 605 572 696 jueta
589 603 764 668 cubiculum
777 607 845 695 ejus
861 607 989 686 decidit,
1007 607 1170 692 apsumque
1180 627 1286 669 cmom

225 712 477 801 respersu.ldem
494 732 596 798 quum
611 709 760 773 insanum
776 713 949 777 Herculem
967 725 1128 791 cantaret,
1146 711 1287 775 evenisse

225 834 390 906 putamus.
410 818 539 882 Marcus
557 838 629 880 raro
644 816 829 881 Stoicorum
848 818 1017 907 opiniones
1034 814 1205 880 interserit.
1223 818 1286 880 Lu·

225 924 293 988 cius
308 946 368 988 nec
383 923 514 1010 Epicuri
531 922 582 986 sui
597 943 657 985 nec
674 921 855 987 Metrodori
874 921 1072 1002 dissimulat,
1091 921 1149 1008 qui
1165 921 1200 984 in
1219 921 1286 1015 ejus

223 1031 453 1120 philosophicis
471 1030 620 1118 paginam
633 1045 806 1118 utramque
822 1032 953 1096 iaciunt.
967 1032 1006 1095 In
1015 1027 1199 1093 Troadibus
1211 1050 1287 1092 vero

223 1137 317 1225 plena
331 1160 431 1201 uranu
444 1136 565 1225 spargit
578 1158 629 1200 eas
646 1151 744 1223 atque
760 1152 915 1218 ostentat,
931 1137 1016 1201 sicut
1033 1156 1106 1199 suas
1120 1156 1204 1222 supe
1221 1136 1287 1198 Eu·

222 1241 351 1330 ripides.
361 1240 460 1324 Quod
470 1241 604 1305 istarum
618 1263 727 1305 rerum
734 1240 859 1321 judices
875 1251 1112 1323 πολυπραγμοσύνην
1126 1237 1286 1303 dixerunt.

222 1343 326 1434 quue
344 1346 414 1411 sine
435 1360 527 1426 nota,
552 1344 610 1409 uhi
627 1345 789 1409 affectatio
813 1346 924 1429 abest,
953 1345 1043 1410 adest
1067 1343 1205 1425 modus,
1231 1343 1286 1430 qui

221 1449 368 1539 Euripidi
385 1474 452 1515 uon
468 1473 542 1516 raro
558 1449 666 1533 deest,
682 1450 801 1515 Lucius
821 1467 932 1516 autem
953 1471 1133 1538 numquam
1151 1446 1285 1513 excedit

221 1555 318 1622 Nilu‘l
331 1580 394 1622 esse
405 1570 629 1646 postmortem
647 1557 783 1645 Epicuri
796 1557 906 1622 schola
923 1571 990 1638 cst,
1010 1557 1055 1620 ait
1070 1556 1120 1619 vir
1138 1552 1288 1619 eruditis·

221 1662 323 1727 simus
336 1663 566 1728 Tertullianus:
582 1678 615 1726 et
628 1684 704 1726 mox
716 1664 808 1727 Lucii
825 1664 1014 1752 opinionem
1028 1660 1218 1750 subjungit,
1230 1659 1287 1748 qui

221 1767 286 1831 hoc
304 1784 375 1832 toto
400 1768 505 1832 choro
525 1768 598 1856 egit.
628 1769 667 1831 ln
694 1791 761 1856 quo
787 1792 856 1834 non
882 1785 947 1834 tam
964 1769 1077 1858 posuit
1095 1767 1287 1856 opinionem

222 1894 314 1936 suam
329 1894 429 1961 quam
442 1871 653 1938 confirmavit.
669 1873 790 1938 Eadem
810 1876 897 1939 enim
916 1877 950 1939 in
965 1874 1117 1963 Epistolis
1131 1870 1173 1936 ad
1190 1871 1288 1935 Luci·

221 1975 313 2043 lium.
328 1977 370 2042 Et
381 1978 421 2042 ad
434 1978 571 2042 verbum
583 2001 685 2066 prope
694 1979 729 2042 in
739 1981 969 2044 Consolatione
983 1978 1023 2043 ad
1033 1977 1198 2043 Murciam.
1208 1978 1286 2057 Hic,

363 2108 481 2174 Quaeris,
496 2126 550 2181 quo
567 2109 654 2180 jaceas
672 2118 731 2180 post
747 2108 850 2163 obitum
864 2108 945 2162 loco?

360 2196 424 2264 Quo
437 2216 492 2251 uon
506 2208 569 2250 usta
579 2198 677 2268 jacent.

222 2330 296 2397 Ibi:
313 2363 326 2389 ι
339 2332 426 2398 Mori
444 2334 593 2398 omnium
612 2333 763 2417 dolorum
784 2351 816 2399 et
834 2334 953 2399 solutio
970 2351 1019 2398 est
1041 2350 1073 2400 et
1095 2333 1185 2415 linis,
1203 2331 1288 2396 ultra

222 2460 321 2526 quam
346 2439 429 2503 mala
446 2454 557 2504 nostra
583 2462 650 2504 uon
674 2456 803 2504 exeunt.
833 2440 916 2523 Quae
942 2463 1003 2504 uos
1026 2440 1060 2503 in
1084 2439 1169 2504 illam
1193 2459 1283 2508 uan-

221 2539 433 2630 quillitatem,
459 2545 494 2609 in
513 2569 579 2634 qua
601 2561 776 2634 antequam
800 2568 1008 2611 nasceremur
1026 2548 1209 2633 jacuimus,
1235 2573 1287 2615 re·

220 2649 324 2736 ponit.
348 2650 381 2715 si
403 2667 610 2716 mortuorum
633 2650 749 2741 aliquis
778 2652 963 2735 miseretur,
982 2668 1015 2716 et
1041 2676 1110 2718 non
1135 2671 1286 2720 natorum

221 2755 421 2822 misereatur.
432 2789 444 2814 ·
456 2758 535 2839 llic,

361 2881 426 2937 Post
437 2895 550 2938 mortem
563 2882 631 2938 nihil
646 2896 700 2946 est,
718 2884 830 2956 ipsaque
843 2903 915 2939 mors
928 2884 1004 2939 nihil.

221 3021 288 3086 lbi:
307 3052 320 3078 «
332 3022 421 3087 Mors
437 3045 497 3089 nec
512 3025 639 3089 honum
656 3047 717 3089 nee
733 3025 855 3089 malum
873 3040 931 3090 est.
950 3025 989 3091 Id
1003 3026 1090 3090 eninr
1107 3042 1289 3116 potestant

222 3127 347 3191 bonum
361 3144 418 3195 aut
432 3130 552 3194 malum
568 3152 656 3212 esse,
670 3129 758 3217 quod
772 3130 894 3219 aliquid
904 3147 953 3196 est
966 3156 973 3196 :
985 3131 1075 3220 quod
1087 3154 1166 3196 vero
1178 3133 1288 3221 ipsum

223 3231 304 3296 nihil
320 3249 387 3314 cst,
410 3250 443 3298 et
463 3235 573 3300 omnia
589 3236 624 3298 in
643 3233 782 3299 nihilum
807 3235 941 3326 redigit,
962 3238 1040 3301 nulli
1060 3259 1120 3301 nos
1147 3239 1289 3302 fortunae

223 3338 330 3404 tradit.
339 3370 352 3397 ι
370 3341 447 3424 Hic,

366 3504 621 3522 ...............
636 3466 751 3521 Taenara
763 3478 791 3521 et
802 3484 894 3538 aspero

362 3558 483 3630 Regnum
497 3557 549 3610 sub
567 3555 693 3620 domino,
708 3556 790 3609 limen
800 3567 826 3608 et
837 3553 962 3609 obsidens

363 3645 459 3699 Custos
473 3662 527 3696 uon
542 3643 614 3698 lucili
626 3643 757 3697 Cerberus
770 3643 855 3706 ostio,

361 3734 491 3787 llumorcs
505 3733 583 3786 vacui
598 3731 733 3804 verbaque
744 3731 848 3795 inania,

362 3820 397 3875 Et
410 3838 459 3892 par
473 3819 585 3874 sollicito
596 3819 687 3872 labala
701 3818 812 3873 somnio.

222 3957 272 4021 lbi
298 3980 306 4021 :
328 3956 434 4037 ailla,
458 3978 531 4044 quse
554 3956 649 4022 nobis
673 3956 798 4020 lnferos
822 3954 946 4017 faciunt
968 3951 1144 4033 terribiles,
1173 3951 1295 4019 fabula.

239 4376 415 4512 Α
