2662 4800
164 706 675 866 unicornus
715 738 1071 872 sennen

97 946 394 1051 HISTORlCll
419 982 480 1049 ET
503 981 711 1051 CRITICA
738 984 1112 1071 DISSERTATIO,

380 1171 582 1219 aucroan
608 1150 832 1236 IACOBS,

262 1332 299 1369 11
327 1334 506 1373 Ounno
533 1334 702 1372 norbano
729 1337 979 1375 nonnum·

453 1469 741 1498 —4-

62 1566 161 1669 Huc
175 1612 260 1689 saepe
276 1599 424 1664 instituta
438 1600 574 1688 questio
586 1615 652 1684 est,
667 1624 727 1666 cur
738 1625 790 1667 ars
802 1605 921 1695 tragica
935 1622 1000 1673 tam
1015 1611 1141 1676 medio-

61 1729 152 1771 crem
174 1708 289 1770 Romae
312 1705 478 1770 fortunam
500 1705 661 1771 habuerit.
688 1708 787 1788 Cujus
808 1709 941 1797 quidem
964 1714 1011 1778 rei
1036 1739 1139 1804 quum

60 1812 285 1902 pluresallatae
296 1811 362 1877 sint
377 1834 497 1895 cause,
512 1835 563 1877 eas
580 1829 704 1897 tamen,
721 1818 891 1902 quantavis
908 1818 1035 1885 solertia
1048 1844 1141 1888 exco-

60 1919 195 2007 gitatas,
208 1916 251 1982 ad
262 1916 449 1982 solvendam
461 1916 683 1983 difficultatem
694 1920 783 1984 haud
793 1923 868 1986 satis
880 1922 1028 1990 efficaces
1039 1927 1139 1993 fuisse

60 2046 273 2113 nequaquam
290 2024 391 2088 miror
404 2021 462 2110 (a).
489 2023 542 2089 Sic
562 2039 595 2087 et
615 2026 705 2089 nulla
722 2026 879 2092 hactenus
901 2047 1028 2118 reperta
1043 2049 1138 2115 aunt,

59 2130 183 2218 quibus
209 2145 298 2194 certo
320 2128 551 2217 explicaretur,
566 2153 626 2194 cur
647 2129 749 2195 Gallia
766 2132 850 2199 adeo
866 2134 1000 2200 inferior
1016 2141 1137 2203 caeteris

59 2235 253 2299 recentioris
276 2233 508 2322 erigentibus
530 2234 614 2322 epici
634 2235 785 2300 carminis
808 2237 904 2303 laude
924 2239 1113 2307 substiterit.

108 2343 287 2429 Angustam
311 2339 399 2429 apud
422 2342 587 2404 Romanos
612 2340 773 2429 tragoediae
794 2343 1017 2409 conditionem
1039 2348 1138 2413 fuisse

59 2464 133 2510 tum
151 2446 331 2535 praesertim
350 2445 468 2534 liquet,
495 2468 598 2533 quum
615 2446 729 2509 litterae
748 2470 890 2511 romanae
913 2471 989 2514 cum
1009 2455 1137 2540 graecis,

58 2551 155 2642 quod
171 2551 239 2616 fieri
257 2551 357 2634 solet,
371 2568 611 2640 comparantur.
620 2553 742 2614 Verum
758 2553 827 2616 haec
843 2551 909 2641 ipsa
922 2560 1136 2645 comparatio,

56 2658 86 2722 si
110 2674 186 2747 apte
211 2657 358 2721 instituta
382 2657 495 2738 fuerit,
519 2680 584 2745 prae
612 2656 734 2722 caeteris
758 2657 867 2721 forsan
891 2659 994 2725 videri
1014 2664 1135 2751 possit,

58 2787 126 2851 qua
144 2761 253 2827 nodus
271 2761 468 2850 expediatur.
490 2763 601 2827 Attice
623 2762 777 2851 indigena
800 2786 866 2827 non
897 2764 1006 2831 minus
1030 2769 1135 2857 poesis

58 2868 135 2947 fuit,
149 2890 246 2956 quarn
261 2866 419 2932 Acharnis
438 2866 575 2945 hedera,
592 2883 649 2930 aut
665 2868 816 2956 thymum
833 2868 989 2957 Hymetto
1004 2896 1012 2937 :
1032 2876 1133 2938 mori·

59 2974 144 3053 bus,
163 2971 299 3035 deorum
320 2971 417 3035 sacris
438 2971 607 3060 gentisque
629 2972 800 3036 ambitioni
825 2972 960 3039 admista
986 2993 1053 3042 erat
1068 2994 1134 3042 tra·
1159 3038 1162 3047 ,

61 3079 164 3170 goedia
181 3095 214 3143 et
232 3079 325 3166 quasi
343 3077 493 3143 adtexta:
514 3102 574 3167 pro
592 3080 714 3169 ingenii
731 3080 836 3168 palma
850 3099 969 3169 poetae,
986 3106 1046 3171 pro
1063 3108 1133 3150 ma·

62 3184 253 3276 gnificentiae
268 3200 301 3248 et
316 3184 530 3273 exquisitioris
548 3183 662 3267 judicii
682 3187 766 3250 lama
783 3188 876 3250 variae
894 3189 1007 3276 populi
1029 3190 1133 3255 tribus

65 3293 147 3356 inter
167 3315 201 3357 se
220 3291 388 3358 certabant
403 3291 461 3381 (2).
485 3293 531 3356 Ea
552 3292 586 3356 in
613 3292 774 3381 tragoediis
802 3282 949 3358 solebant
969 3295 1133 3377 exhiberi,

101 3485 137 3551 (t)
152 3486 242 3548 Absit,
265 3496 296 3537 ut
315 3496 405 3537 nostra
425 3484 640 3558 interpretatione
661 3483 728 3537 nihil
750 3504 805 3540 non
826 3487 965 3558 explanari
979 3485 1131 3544 credamus.

73 3568 187 3624 Externa
199 3584 303 3624 tanturn
316 3589 410 3626 cauam
422 3572 518 3626 afferre
534 3573 701 3636 studuimus,
719 3591 779 3644 que
795 3573 901 3645 latinam
913 3575 1082 3648 tragediam,
1098 3597 1133 3631 ne

76 3656 99 3707 in
111 3661 198 3714 melius
217 3662 389 3731 processerit,
402 3661 562 3715 inhibuere:
584 3675 706 3734 querant
727 3662 786 3728 alii,
802 3662 939 3716 fuerintne
952 3675 978 3715 et
992 3664 1133 3720 interiores

78 3759 149 3798 cause
162 3743 282 3820 (nempe,
300 3749 376 3802 verbi
388 3752 490 3820 gratia,
502 3768 535 3802 an
549 3749 662 3802 Romani
676 3761 740 3822 apto
752 3749 787 3803 ad
803 3750 856 3802 boc
871 3750 1046 3805 excolendum
1065 3773 1131 3825 poe·

79 3845 126 3883 teos
135 3853 212 3904 genus
222 3836 330 3908 ingenio
341 3837 501 3908 caruerint),
521 3849 548 3890 et
559 3836 632 3890 unde
649 3837 700 3890 ille
717 3838 872 3891 exstiterint.

110 3921 141 3987 (a)
156 3924 253 3979 Tribus
275 3926 338 3998 ipae
362 3938 497 3999 sumptum
519 3925 554 3978 ad
570 3925 670 3981 edenda
692 3928 859 3998 spectacula,
879 3929 970 3982 saltem
988 3949 1021 3984 ex
1040 3945 1131 4004 parte,
1235 3974 1239 3981 -

162 4027 188 4092 l.
214 4045 360 4109 Semepcrs
373 4042 448 4090 tertia.
985 4030 1014 4098 d
