2662 4800
433 346 738 416 mssunmno
1076 347 1124 446 xij

54 480 83 527 et
96 478 215 527 auctor
222 465 538 548 Controuersiarum,
547 489 647 554 quem
654 482 743 531 certo
751 481 877 532 constat
887 484 1013 557 patrem
1025 468 1127 535 fuisse

54 571 268 660 Philosophi,
289 593 357 659 quo
375 571 448 636 loeo
469 573 678 638 censebitur?
701 576 754 639 An
774 573 961 657 verisimile,
980 591 1046 639 tam
1067 576 1126 642 ob-

55 698 189 741 scurum
207 674 242 741 et
264 691 355 741 terrae
376 677 467 765 quasi
484 676 588 743 lilium
609 679 731 762 fuisse,
754 695 792 743 ut
809 679 877 759 ejus
894 679 980 769 apud
1001 698 1125 749 veteres

55 783 141 847 nulla
156 782 202 848 sit
216 782 327 846 habita
345 782 447 848 ratio?
469 785 598 874 Negant
616 785 750 850 illustria
774 785 893 873 ingenii
916 786 985 866 ejus
1009 810 1128 853 mouu-

56 904 183 970 menta,
204 889 441 954 Controversia
463 905 497 954 et
530 891 612 955 liber
635 891 880 972 suasoriarum,
906 913 979 978 qum
1000 909 1128 960 exstant

56 992 237 1082 hodieque,
255 993 455 1082 Philosopbo
471 995 643 1078 hactenus,
660 995 717 1060 sed
730 996 832 1077 salso,
848 994 1016 1083 adscripta.
1035 997 1126 1065 Iudi·

57 1115 181 1164 caverat
197 1099 264 1163 boc
279 1098 431 1163 omnium
446 1099 572 1187 primus
585 1101 816 1164 Volaterrauus
834 1101 942 1188 operis
959 1102 1009 1165 sui
1022 1100 1126 1169 unde·

58 1205 209 1269 vicesimo
224 1225 233 1268 ε
247 1203 398 1268 «Marcus
415 1205 559 1269 Annaeus
577 1205 699 1269 Seneca
714 1204 905 1293 Philosophi
921 1220 1023 1293 pater,
1045 1209 1126 1272 Cor·

58 1307 212 1374 ‹lubensis
229 1324 263 1373 et
281 1310 439 1396 equestris
457 1308 583 1373 ordinis
599 1333 637 1374 ae
654 1308 891 1374 eruditissimus
913 1309 997 1392 suit,
1013 1328 1052 1375 ut
1073 1312 1128 1375 cui

60 1415 332 1497 Declamationes,
348 1438 421 1503 quae
437 1413 494 1480 filii
510 1414 667 1481 dicuutur
680 1438 768 1499 esse,
785 1415 934 1479 nonnulli
949 1416 1102 1482 referant.
1113 1448 1127 1474 ι

10 1572 13 1581 .
62 1519 154 1602 Quod
169 1518 403 1607 undecumque
421 1519 581 1609 acceperit
594 1518 1048 1603 Volatermnus,rerissimum
1065 1536 1126 1603 est,

10 1610 12 1645 ³
62 1623 128 1689 lieet
139 1627 296 1708 Erasmo,
314 1625 492 1708 Rhenano,
506 1626 658 1715 aliisque,
671 1626 728 1714 qui
740 1626 895 1689 Senecam
907 1624 1125 1715 interprimos

65 1730 280 1812 illustrarunt,
308 1731 403 1794 sicuti
427 1754 488 1796 nee
512 1729 674 1820 Gyraldo,
691 1731 749 1820 qui
774 1728 815 1794 de
832 1731 937 1819 poetis
953 1730 1073 1798 Graeeis
1088 1755 1127 1800 ac

67 1836 174 1901 Latinis
188 1836 357 1900 historiam
376 1837 563 1920 contexuit,
580 1859 622 1902 ne
644 1836 776 1926 quidem
795 1848 819 1899 o
841 1836 1124 1924 tvetp1<,qu0ddi·

68 1943 148 2024 eitun,
166 1942 359 2007 suboluerit.
382 1942 565 2009 Admonuit
590 1960 697 2008 umen
717 1959 793 2032 post
809 1964 865 2008 eos
881 1941 1025 2029 Alciatns
1041 1943 1126 2010 libro

68 2047 268 2139 Parergorum
285 2049 341 2131 IV,
360 2063 393 2112 et
410 2048 537 2138 Lipsius
553 2067 719 2137 postremo
739 2048 977 2113 accuratissime
993 2047 1123 2115 Electo-

68 2168 127 2235 rom
149 2149 269 2237 primo.
291 2147 433 2212 Alciatus
452 2164 606 2237 praeterea
623 2151 689 2214 hoc
709 2150 843 2233 adjecit,
859 2151 1038 2233 Senecam,
1063 2150 1121 2239 qui

68 2251 272 2344 Philosophus
286 2254 408 2337 dictus,
423 2257 520 2320 etiam
537 2256 763 2347 tragoediarum
779 2271 947 2321 auctorem
962 2255 1072 2322 videri.

102 2360 182 2426 lliuc
199 2362 267 2442 jam
287 2361 454 2449 superiora
470 2361 522 2426 illa
538 2364 672 2427 Diaconi
688 2363 810 2427 scilicet
825 2362 868 2425 ita
883 2362 1056 2450 accipiam,
1082 2379 1121 2428 ut

67 2463 225 2556 Tragicum
243 2466 416 2556 intelligat,
434 2468 490 2554 qui
507 2467 605 2531 simul
618 2466 837 2554 Philosophus
851 2468 914 2530 fuit
931 2467 1016 2553 (quae
1032 2466 1121 2530 enim

67 2570 225 2637 omittendi
244 2571 313 2653 ejus
330 2594 442 2637 caussa
457 2572 630 2660 fuisset?);
660 2590 693 2637 et
716 2571 907 2653 Sidonium,
931 2571 987 2658 qui
1002 2570 1121 2636 diserte

65 2676 188 2741 alterum
213 2677 255 2741 ab
281 2678 382 2742 altero
410 2678 576 2767 sejungit,
602 2678 771 2742 communi
796 2698 906 2740 errore
929 2673 1119 2759 seductum,

64 2779 216 2847 rhetorem
234 2782 388 2848 eumdem
405 2806 481 2847 cum
498 2782 698 2873 Philosopho
717 2782 925 2848 existimasse.
943 2781 1013 2848 Nec
1027 2780 1062 2846 id
1078 2779 1120 2847 de

62 2886 186 2954 Sidonio
202 2890 375 2954 mirabitur
390 2890 565 2979 quispiam,
579 2914 683 2980 quum
699 2891 819 2955 iterum
832 2888 929 2954 simili
940 2887 1116 2954 hallucina-

62 2992 156 3076 tione,
173 2993 263 3084 quod
280 2995 391 3060 nescio
405 3019 445 3059 an
463 2995 615 3082 cuiquam
634 2994 742 3059 adhue
757 2993 1033 3076 animadversum,
1046 2992 1119 3059 Pol·

60 3096 115 3163 lam
132 3101 370 3190 Argentariam,
396 3100 518 3165 Lucani
540 3100 730 3190 conjugem,
755 3116 830 3188 post
852 3099 973 3165 caedem
994 3098 1117 3165 Lucani

57 3205 151 3270 Statio
171 3205 306 3295 Papinio
320 3222 457 3296 nuptam
475 3206 593 3270 innuat
608 3205 677 3271 istis
693 3204 735 3270 ad
752 3205 967 3270 Consentium
987 3203 1116 3270 Narbo-

58 3332 185 3376 nensem
202 3310 372 3377 versibus:

189 3461 265 3529 Quid
275 3461 349 3536 quod
362 3460 517 3535 duplicibus
528 3466 618 3536 jugata
632 3461 706 3516 ludis

191 3551 348 3623 Argentaria
358 3551 432 3605 Polla
445 3550 490 3605 dat
500 3549 614 3623 poetas?

52 3710 175 3777 Volunt
187 3712 322 3800 quidem
339 3714 530 3802 interpretes
546 3713 724 3801 respexisse
739 3712 793 3776 hic
808 3711 979 3776 Sidonium
993 3706 1035 3772 ad
1051 3707 1115 3773 Ge·

49 3816 246 3897 nethliaeon,
259 3840 327 3905 quo
335 3818 488 3906 Papinius
496 3818 617 3883 Lucani
623 3817 708 3882 diem
718 3832 902 3898 eonsecrat3
914 3831 948 3879 et
957 3813 1116 3904 praecipue

43 3921 84 3987 ad
100 3922 342 4012 praefationem,
355 3946 429 4011 quae
443 3924 535 3988 estin
551 3923 673 3988 librum
690 3921 872 3988 secundum
885 3920 1056 4000 Silvarum,
1062 3919 1120 3983 ubi

147 4034 176 4096 I.
201 4049 281 4094 Senes.
288 4062 347 4114 pars
358 4047 434 4094 tertia.
981 4057 1000 4102 c
