2662 4800
232 349 340 446 xxviij
371 353 477 423 DAN.
500 352 668 423 HEINSII
693 354 754 422 DE
778 353 851 421 HIS
874 354 1148 424 TRAGOEDIIS

231 491 319 558 tem,
338 475 534 562 Thyestem,
552 474 717 563 OEdipum
741 490 774 539 et
794 477 1070 594 Agamemnonem
1092 475 1138 540 Μ.
1160 475 1290 541 Seneca

229 580 451 645 adscribimus.
477 580 621 668 Ideoque
638 594 672 642 et
693 580 821 643 Senecae
844 581 977 644 nomine
998 579 1039 643 ab
1064 580 1207 668 antiquis
1227 578 1291 646 lau·

228 685 359 751 dantur.
367 652 432 750 Et
423 708 457 748 m
472 685 561 749 libris
571 708 671 748 manu
685 685 829 766 exaratis,
846 684 946 749 modo
957 685 1060 768 Lucii,
1072 685 1172 750 modo
1189 686 1291 751 Marci

225 792 369 855 invenias
381 813 578 880 praenomen,
585 790 629 853 'in
641 789 837 878 quibusdam
848 806 1039 878 utrumque,
1049 809 1087 855 ut
1102 792 1135 855 in
1153 792 1290 879 optimo,

155 946 160 953 .
225 920 292 984 quo
306 920 383 962 usus
400 914 450 963 est
463 899 514 962 vir
528 919 676 962 summus
693 897 804 960 Justus
818 897 956 985 Lipsius.
975 899 1133 961 Caeterum
1149 901 1290 963 accurati

221 1003 338 1084 judicis
354 1003 504 1068 acumine
520 1019 570 1067 est
583 1024 684 1091 opus,
698 1003 755 1090 qui
768 1025 842 1067 suas
858 1003 977 1090 cuique
991 1002 1163 1069 adscribat.
1178 1004 1292 1071 Poste·

224 1108 342 1172 riorem
352 1108 755 1197 huncTragicumvocant.
764 1108 885 1172 Paulus
894 1108 1058 1172 Diaconus
1067 1109 1290 1174 HistMiscell.

222 1212 678 1298 lib.VlIl:«Hujus(Neronis)
685 1211 885 1300 temporibus
894 1228 997 1301 poetes
1006 1211 1291 1300 pollebantliomae

223 1319 387 1399 Lucanus,
398 1317 558 1381 luvenalis
577 1333 611 1382 ct
628 1318 772 1396 Persius,
793 1318 979 1404 Senecaque
990 1318 1162 1406 Tragicus,
1180 1318 1291 1383 Muso-

220 1425 312 1498 nius,
330 1438 428 1509 atque
447 1422 639 1486 Plutarchus
654 1421 877 1510 pbilosophi-
897 1421 1052 1487 Sidonius
1074 1421 1196 1510 (carm.
1210 1446 1233 1511 9
1248 1421 1289 1488 ad

222 1527 378 1616 Magnum
391 1525 529 1591 Felicem
541 1526 573 1613 l:

362 1642 484 1723 Quorum
497 1659 567 1694 nnus
580 1641 645 1694 colit
657 1640 793 1713 bispidum
804 1642 930 1708 Platona,

360 1728 553 1798 Incassumque
566 1745 645 1780 suum
659 1739 749 1780 monet
760 1730 908 1791 Neroncmt

361 1815 532 1869 orchestram
547 1814 632 1887 quatit
646 1815 714 1869 alter
726 1815 871 1889 Euripidis.

221 1942 366 2005 Alterum
380 1956 488 2005 autem
498 1939 594 2006 etiam
608 1957 756 2030 poemata
770 1942 952 2030 scripsisse,
966 1942 1143 2030 etquidem
1157 1944 1287 2025 crebro,

181 2042 184 2049 ’
218 2047 269 2111 rel
284 2047 430 2126 Tacitus,
449 2062 487 2110 ut
503 2046 582 2110 alios
602 2047 770 2128 omittam,
788 2070 848 2110 nos
872 2046 978 2112 docet.
995 2050 1156 2112 Caeterum
1181 2071 1287 2136 quum

221 2149 294 2215 duae
308 2151 372 2214 sint
383 2149 543 2238 tragoediae
555 2166 672 2237 partes,
681 2151 779 2214 altera
791 2151 962 2215 uniformis
975 2168 1007 2215 et
1021 2149 1165 2230 ejusdem
1178 2153 1287 2233 metri,

221 2279 319 2344 quam
346 2263 413 2318 κατὰ
425 2267 509 2333 στίχον
532 2254 606 2319 ideo
624 2272 759 2335 vocant,
786 2279 859 2344 quae
883 2271 1016 2345 excepto
1045 2257 1146 2321 choro
1175 2258 1287 2322 omnia

221 2361 449 2450 complectitur
471 2375 503 2425 et
523 2361 668 2424 iambum
689 2383 758 2424 non
784 2359 928 2442 excedit,
952 2360 1066 2442 altera,
1092 2384 1164 2449 quae
1190 2364 1287 2427 variis

219 2469 323 2533 utitur
339 2467 468 2549 metris,
492 2454 565 2554 pars
590 2466 748 2531 nimirum
766 2467 913 2548 chorica,
934 2466 1012 2531 hinc
1035 2489 1286 2555 nonnumquam

218 2573 417 2639 differentias
441 2572 542 2635 critici
567 2572 732 2636 notabant.
748 2573 797 2636 lta
822 2571 998 2659 Sophocles
1025 2573 1286 2660 pericommatis,

216 2677 455 2766 antistrophicis
469 2678 607 2741 maxime
623 2675 987 2764 delectatanuripides.
1001 2678 1106 2741 Latini
1114 2701 1218 2766 quum
1227 2679 1286 2743 bas

220 2782 418 2849 differentias
441 2781 608 2871 ignorent,
627 2782 773 2846 versibus
798 2797 904 2845 tamen
926 2780 1106 2846 differunt:
1123 2805 1206 2870 quos
1228 2801 1287 2848 ant

219 2888 351 2954 eosdem
362 2902 510 2976 ponunt,
525 2901 583 2951 aut
595 2909 671 2950 cum
687 2886 755 2949 aliis
764 2886 919 2974 jungunt.
932 2886 971 2949 lu
984 2886 1087 2950 tribus
1104 2887 1172 2951 istis
1191 2889 1285 2953 Lucii

220 2992 311 3059 chori
335 2992 403 3056 fere
420 3013 459 3056 ex
476 2990 750 3078 hendecasyllabis
772 2989 948 3078 sapphicis,
965 2992 1177 3078 anapaesticis,
1203 2993 1284 3057 cbo·

220 3097 397 3179 riambicis,
421 3096 577 3186 glyconiis
594 3110 768 3159 constant:
792 3094 910 3183 quibus
933 3095 985 3158 alii
1008 3095 1172 3160 interdum
1196 3114 1285 3161 extra

219 3202 368 3268 ordinem
382 3201 580 3265 inseruntur.
599 3200 798 3286 Pomponius
810 3200 996 3282 Secundus,
1012 3202 1069 3289 qui
1088 3224 1164 3266 cum
1181 3203 1284 3266 Lucio

220 3309 317 3388 vixit,
343 3320 400 3370 aut
420 3305 544 3394 primus
570 3319 627 3367 aut
649 3326 715 3392 prae
731 3305 853 3368 caeteris
877 3303 1052 3393 dactylicos
1079 3321 1284 3372 tetrametros

215 3412 323 3493 junxit
341 3411 375 3473 in
393 3410 510 3475 choris.
533 3407 611 3487 Ejus
629 3409 714 3473 sicut
731 3409 866 3473 aemulus
884 3425 932 3486 et,
963 3426 1000 3474 ut
1017 3409 1120 3475 Graeci
1137 3410 1286 3476 dicerent

219 3516 373 3607 magistri,
388 3519 596 3583 ἀντιδιδάσκαλος
613 3513 675 3577 fuit
690 3514 809 3577 Lucius
820 3561 830 3595 ,
840 3513 884 3577 ita
901 3514 1045 3580 imitator
1061 3516 1096 3579 in
1114 3518 1176 3582 hac
1191 3535 1287 3607 parte

218 3621 356 3686 Marcus.
373 3617 586 3683 Terentianus
604 3616 757 3702 (Putsch.
775 3617 900 3681 collect.
916 3640 988 3707 pag.
1005 3618 1127 3702 addolz

322 3734 356 3786 ln
368 3730 475 3802 tragicis
486 3733 599 3804 junxere
610 3729 699 3783 choris
712 3730 787 3784 bunc
799 3747 869 3801 sape
880 3730 973 3784 diserti

321 3827 437 3876 Anum
448 3822 563 3883 Seneca,
581 3832 608 3873 et
620 3819 785 3891 Pomponius
798 3833 861 3874 ante
872 3820 1019 3875 Secundus.

218 3928 282 3992 Ubi
296 3926 377 3992 illud
387 3939 464 3992 ante
479 3940 558 3992 nota
570 3931 711 4008 διαριτικὴ
728 3941 793 4011 est,
812 3943 849 3992 ut
866 3943 1004 4010 constet,
1020 3944 1094 3993 uter
1112 3946 1224 3994 utrum
1241 3931 1287 3995 sit
