2662 4800
151 334 197 404 liv
458 334 521 401 DE
546 335 713 403 ANNAEO
739 337 912 407 SENECA

147 453 310 544 adjungit,
324 452 505 517 cavendum
517 468 579 535 cst,
592 476 634 517 ne
645 451 804 544 fingamus
815 457 954 545 aliquem
967 475 1000 522 et
1012 460 1228 549 scriptoribus

147 559 309 627 historicis
327 574 360 622 et
377 558 438 647 ipsi
455 573 556 646 poetas
577 573 690 622 nostro
713 559 875 649 ignotum.
898 562 960 627 Hic
976 563 1080 647 eninr,
1103 566 1131 630 si
1151 571 1226 657 quis

145 667 196 733 illa
213 680 305 730 aetnte
326 664 456 729 vixisset
469 664 609 746 Seneca,
631 664 732 730 Lucio
748 668 872 731 Annaeo
887 668 1086 758 philosopho
1099 671 1224 757 junior,

146 771 277 836 illustris
289 784 385 859 poeta
394 768 535 857 tragicus
545 784 579 832 et
587 769 739 833 alumnus
749 770 910 835 Cordubae
923 770 980 859 (ut
990 775 1035 837 ait
1046 773 1221 869 Sidonius)

144 874 334 966 praeceptori
367 873 508 938 Neronis
545 873 811 961 aequiparandus,
845 876 950 942 affinis
988 880 1085 944 etiarn
1122 884 1222 949 Pollu

143 980 356 1071 Argentaria,
382 978 529 1067 profecto
555 1000 632 1042 eum
658 1001 724 1042 non
753 982 907 1047 tacuisset
934 984 967 1046 in
995 1001 1045 1048 tot
1068 986 1221 1053 laudibus

144 1088 304 1181 Hispanias
331 1107 397 1150 suae
428 1100 460 1149 et
493 1105 609 1147 eorum
642 1085 810 1167 omnium,
841 1088 898 1176 qui
928 1112 967 1153 ex
998 1090 1050 1153 illa
1083 1095 1220 1159 Romam

142 1209 305 1259 venerant.
331 1190 468 1255 Videtur
485 1212 562 1253 saue
582 1187 733 1273 Sidonio,
754 1215 827 1280 quae
847 1209 897 1257 est
919 1196 1080 1260 sententia
1098 1200 1218 1283 Delrii,

140 1320 329 1389 persuasum
354 1295 472 1376 luisse,
496 1316 515 1357 e
537 1294 669 1360 duobus
693 1296 823 1361 Senecis
851 1282 974 1386 p'atrem
1002 1301 1102 1367 luisse
1126 1303 1217 1369 illum

139 1403 374 1498 philosophum
387 1401 533 1465 Stoicum
548 1423 585 1464 ac
599 1419 832 1492 praeceptorem
850 1404 1006 1488 Neronis,
1022 1405 1127 1471 filium
1143 1430 1218 1475 vero

139 1528 269 1602 poetam
296 1509 472 1599 tragicum,
499 1522 537 1571 ut
549 1508 680 1589 ,mirum
707 1531 775 1572 non
801 1510 861 1591 sit,
886 1510 927 1574 ab
954 1511 1072 1577 eodem
1095 1513 1217 1579 bellum

140 1618 300 1686 Gallicum
318 1630 351 1681 et
372 1614 464 1678 civile
483 1614 617 1676 Caesaris
637 1629 734 1702 atque
754 1614 903 1703 Pompeii
927 1640 988 1705 pro
1008 1640 1077 1682 uno
1093 1618 1215 1686 haberi.

138 1723 227 1791 Nihil
242 1723 308 1802 jam
327 1741 387 1783 nos
405 1733 539 1781 movent
560 1740 727 1783 sermones
747 1719 800 1783 isti
822 1721 939 1803 Stoici,
960 1724 1080 1811 quibus
1095 1725 1216 1790 Seneca

138 1831 171 1894 in
189 1826 332 1915 epistolis
353 1821 394 1887 ad
418 1822 579 1887 Lucilium
604 1823 708 1911 poetis
730 1824 892 1890 adversari
913 1826 1051 1892 videtur.
1073 1830 1159 1895 Nam
1178 1848 1217 1896 ut

137 1950 301 1999 taceamus
330 1928 655 2018 Apocolocynthosin,
689 1952 762 2018 quae
790 1947 823 1994 et
854 1933 930 1996 satis
965 1950 1120 2023 corrupta
1149 1952 1215 2019 est,

136 2039 301 2125 habetque
312 2033 411 2100 foedas
421 2034 567 2117 lacunas,
581 2050 614 2098 et
625 2034 740 2099 incerti
752 2040 895 2102 auctoris
907 2039 1041 2104 forsitan
1054 2038 1214 2125 videatur,

136 2160 217 2210 teste
241 2141 347 2207 Plinio
367 2139 484 2228 (epist.
507 2138 546 2215 V,
572 2138 629 2226 3),
653 2141 723 2229 ipse
743 2145 886 2208 Annuus
907 2144 1029 2210 Seneca
1047 2146 1111 2210 fuit
1129 2147 1216 2212 inter

135 2250 342 2341 gravissimos
363 2246 467 2327 viros,
486 2246 543 2334 qui
563 2268 628 2311 non
643 2253 724 2313 seria
743 2252 855 2334 modo,
878 2274 990 2317 verum
1010 2255 1106 2317 ctiam
1125 2253 1215 2321 lusus

134 2361 359 2446 exprimerent.
375 2352 515 2442 Intelligi
529 2370 639 2417 autern
655 2356 725 2419 vult
739 2358 915 2423 versiculos
931 2382 1046 2448 parum
1063 2382 1211 2441 severos,

134 2463 324 2544 comoedias,
352 2462 469 2525 mimos
495 2477 529 2525 ct
555 2462 615 2524 alia
640 2462 673 2525 in
699 2463 820 2551 quibus
848 2481 925 2530 sunt
950 2467 1017 2530 istae
1040 2480 1212 2557 poetarum

132 2573 258 2658 ineptiis
281 2568 322 2633 ad
347 2564 556 2631 oblectandas
579 2590 673 2631 aures
699 2586 890 2658 spectantes.
917 2572 1010 2635 Tales
1035 2572 1210 2639 versiculos

133 2673 384 2763 philosophum,
403 2671 456 2735 cui
475 2693 561 2734 metas
580 2670 738 2736 interdum
759 2674 807 2736 acl
816 2674 907 2763 jocos
924 2676 1104 2740 revocanda
1117 2677 1210 2742 vide·

131 2780 229 2845 batur
247 2778 310 2867 (de
333 2774 498 2866 tranquill.
520 2798 574 2839 an.
596 2797 625 2841 c.
654 2775 692 2841 15·
704 2777 732 2864 ),
753 2780 898 2844 crebrius
916 2781 1013 2845 etiarn
1021 2780 1206 2869 factitasse,

131 2901 169 2950 ut
180 2902 254 2949 utar
262 2884 327 2948 hoc
337 2882 497 2947 vocabulo
510 2881 614 2946 Taciti
626 2884 744 2947 huual.
759 2883 779 2948 l.
796 2886 886 2967 XIV,
902 2909 930 2950 c.
950 2886 1008 2968 52,
1024 2885 1115 2975 quod
1131 2911 1206 2953 cum

130 2992 187 3056 illo
205 2990 300 3055 Plinii
314 2991 509 3076 scriptitasse
519 2988 553 3050 in
568 2986 681 3053 eadem
698 3013 794 3055 causa
809 2993 890 3056 mire
905 2995 1077 3077 convenit,
1091 3012 1207 3060 aucto·

130 3098 216 3162 ritati
244 3095 508 3186 gravissimorum
540 3096 673 3159 testium
705 3097 955 3162 concedendurn
982 3116 1040 3164 est.
1073 3101 1143 3165 lam
1165 3100 1206 3166 de

129 3200 214 3268 ludis
232 3199 367 3290 quidem
390 3198 518 3290 tragicis
539 3199 591 3263 isti
615 3201 697 3264 nihil
719 3200 933 3269 tradiderunt.
958 3206 1072 3287 Quum
1095 3220 1205 3271 autem

128 3307 198 3372 huc
213 3306 356 3371 carmina
370 3304 549 3369 etiamnum
564 3307 746 3392 supersint,
762 3329 800 3371 ae
814 3324 895 3373 teste
910 3310 1116 3391 Quintiliano
1130 3334 1206 3377 vene

128 3415 282 3477 Senecam
296 3410 439 3476 habeant
450 3426 638 3495 auctorem,
656 3436 715 3477 cur
728 3412 934 3496 dubitemus,
948 3439 988 3479 an
1004 3431 1037 3480 et
1048 3417 1204 3505 gravitate

127 3517 224 3599 hujus
239 3516 443 3606 philosophi,
461 3539 561 3604 quarn
580 3517 614 3580 in
630 3519 773 3605 epistolis
789 3519 831 3582 ad
849 3519 1010 3585 Lucilium
1028 3521 1203 3609 saepissime

126 3642 174 3689 est
190 3624 374 3715 professus,
393 3623 467 3687 satis
487 3620 593 3713 dignae
615 3625 680 3690 sint
702 3625 762 3690 illae
782 3625 914 3709 fabule,
932 3627 966 3691 in
987 3626 1108 3714 quibus
1128 3627 1202 3715 plus

126 3731 222 3794 etiarn
245 3730 424 3794 severitatis
446 3734 528 3794 inest
551 3752 650 3817 quam
674 3732 709 3794 in
735 3736 870 3819 togatis,
895 3754 975 3821 quas
998 3731 1120 3796 medus
1137 3754 1203 3795 esse

123 3836 205 3898 inter
227 3834 403 3923 tragedias
427 3846 460 3897 et
480 3834 665 3916 comoedias,
693 3852 727 3899 et
754 3836 787 3899 in
815 3837 935 3925 quibus
958 3851 1069 3926 poetas
1096 3816 1226 3902 malsc

123 3940 259 4019 ὡζτίςεσ,
278 3940 340 4021 ait,
356 3960 429 4029 quoe
445 3962 467 4001 α
479 3938 675 4028 philosophas
694 3956 753 4004 aut
769 3941 857 4007 dri-ta
879 3946 959 4023 siut,
979 3955 1039 4008 aut
1053 3942 1200 4007 dicenda.
