2662 4800
202 347 260 412 xiv
589 345 867 421 PRAEFATIO

202 514 252 527 -
274 475 379 549 =Haee
399 471 530 560 editio,
543 474 758 559 Metennio,
778 472 943 547 churio
962 487 1000 545 et
1013 477 1171 545 Panzero
1188 497 1269 549 non

201 597 324 684 «visa,
342 610 378 667 et
396 597 433 667 in
450 599 697 693 Gottingensis
717 610 827 693 atque
845 593 1158 695 Heidelbergensis
1174 600 1269 669 Aca·

201 748 218 783 tt
234 718 436 791 demiarum
453 718 606 816 aliisque
620 717 743 791 multis
760 718 990 793 Bibliotliecis
1009 743 1123 816 quum
1144 718 1270 817 publi-

200 872 218 909 «
236 844 298 930 cie,
315 857 392 913 tum
411 844 558 938 privatis
575 839 707 915 frustra
723 842 892 938 quaesita,
913 843 952 912 in
967 843 1136 915 auctione
1154 842 1269 917 libro·

201 991 312 1039 «rum
333 965 435 1037 ducis
453 965 500 1037 de
517 968 555 1037 la
573 965 746 1051 VaHie‘rm
771 965 841 1036 330
863 963 963 1037 libris
981 967 1119 1061 argenti
1135 966 1270 1063 gallicis

201 1087 702 1185 «venditaest.-Conspirat
712 1101 833 1159 autem
844 1085 919 1161 fere
930 1091 995 1159 ista
1005 1087 1272 1162 Car.Fernandi

122 1300 127 1305 Ι
200 1208 343 1283 reditio
368 1235 451 1282 cum
479 1208 753 1307 llerbipolensi,
779 1234 889 1307 quarn
919 1212 1072 1309 primam
1100 1209 1274 1287 censebat

202 1334 393 1420 «Delrius,
418 1348 456 1405 et
477 1336 636 1405 Caietani
658 1337 818 1421 Veneta,
844 1358 912 1406 nec
939 1334 1095 1409 multum
1119 1334 1274 1429 evulgo

202 1453 399 1529 «codicum
418 1455 608 1542 abhorret,
637 1456 707 1529 nisi
731 1454 832 1552 quod
856 1456 1042 1529 nonnullis
1063 1459 1101 1528 in
1128 1455 1218 1529 locis
1235 1470 1275 1529 et

201 1608 219 1644 «
232 1578 478 1653 Florentinum
504 1577 664 1651 ostendit
685 1580 921 1676 scripturam,
949 1594 987 1653 et
1008 1581 1154 1678 propria
1172 1603 1274 1676 qum·

202 1702 316 1775 edam
331 1726 447 1797 quum
462 1704 499 1773 in
516 1700 645 1787 verbis,
659 1716 738 1777 tum
755 1703 1050 1799 interpunctione
1062 1702 1179 1791 babet,
1188 1727 1275 1799 quae

203 1824 323 1895 «scire
347 1825 497 1894 interest
519 1821 757 1895 eruditorum.
777 1827 867 1915 Quae
890 1826 1135 1923 antiquissima
1160 1822 1276 1895 editio

203 1949 410 2044 uquoniam
446 1971 545 2017 nunc
580 1972 626 2017 ne
657 1949 805 2021 nomine
837 1948 986 2044 quidem
1022 1952 1166 2045 cognita
1197 1963 1276 2036 est,

202 2069 331 2143 «baud
359 2071 495 2167 gravati
524 2094 651 2142 sumus
677 2070 895 2169 descriptam
922 2097 943 2143 a
970 2069 1075 2143 nobis
1095 2071 1278 2143 Fernandi

203 2191 480 2290 «praelationem
504 2209 633 2267 nostrae
655 2193 857 2288 subjicere;
885 2194 1035 2291 singulis
1058 2207 1179 2265 autem
1201 2207 1276 2265 tra-

204 2314 363 2413 «goediis
399 2296 616 2413 prefigenda
653 2318 936 2389 existimavimus
971 2315 1106 2388 ibidem
1143 2340 1277 2387 excusa

204 2441 447 2536 «Hieronymi
464 2438 581 2527 Balbi,
595 2439 693 2511 docti
709 2439 964 2523 adolescentis,
976 2452 1188 2535 argumenta
1201 2462 1279 2509 nae-

205 2566 343 2650 «trica,
370 2562 504 2660 quibus
524 2563 726 2659 vulgarium
756 2564 907 2660 minime
939 2563 1108 2659 exquisiti
1139 2561 1279 2658 saporis

206 2717 223 2752 α
236 2701 537 2783 argumentorum
557 2686 704 2757 taedium
728 2685 925 2772 levaretur,
948 2700 1045 2757 etc.»
1066 2690 1149 2759 Duo
1168 2684 1279 2779 hujus

207 2791 377 2884 editionis
396 2809 613 2907 exemplaria
635 2812 673 2878 in
693 2809 857 2879 Parisinis
871 2807 1103 2880 Bibliotbeeis
1119 2821 1277 2891 exsmnt,

208 2935 365 3009 alterum
382 2935 420 3009 in
442 2932 666 3005 Bibliotheca
685 2934 814 3030 Regia,
835 2946 1043 3007 accuratum
1064 2946 1101 3003 et
1118 2930 1279 3028 splendi-

208 3057 319 3142 dum,
332 3055 435 3154 quod
453 3054 631 3127 utendum
654 3054 744 3127 mibi
762 3053 1020 3152 benignissime
1038 3052 1201 3147 tradidit,
1224 3054 1281 3125 vir

210 3179 373 3255 eruditus
391 3181 430 3251 in
448 3180 574 3277 primis
590 3194 627 3251 et
643 3177 844 3266 officiosus,
864 3182 1091 3264 Van-Proet,
1106 3201 1182 3274 quo
1199 3177 1282 3250 nul·

208 3303 287 3392 lus,
306 3305 471 3377 omnium
490 3301 650 3399 judicio,
681 3304 884 3400 promptior
907 3315 944 3373 et
975 3301 1133 3400 paratior
1158 3300 1205 3371 sit
1232 3299 1281 3371 ad

211 3426 438 3525 adjuvandos
459 3450 524 3499 seu
553 3425 735 3511 consiliis,
761 3450 827 3499 seu
848 3425 1028 3499 librorum
1050 3424 1171 3522 copia,
1195 3427 1281 3518 qui-

211 3575 370 3648 cumque
390 3547 623 3649 profuturum
644 3547 780 3647 aliquid
807 3549 920 3625 literis
947 3549 1167 3633 moliuntur3
1193 3547 1282 3621 alte·

210 3697 311 3762 rum,
341 3673 500 3745 lacerum
526 3670 678 3770 quidem
706 3686 745 3745 et
773 3673 960 3753 attritum,
992 3672 1030 3745 in
1059 3668 1283 3757 Bibliotheca

212 3797 322 3894 vulgo
343 3795 438 3875 dien
460 3797 507 3873 da
522 3802 716 3875 Mensem.
743 3795 862 3875 Editio
884 3819 971 3871 sane
995 3797 1144 3891 antiqua
1169 3808 1207 3865 et
1227 3816 1283 3867 ar-

214 3919 385 4020 chetypa,
400 3921 464 3995 sed
480 3944 562 4017 quoe
583 3943 711 4017 parum
727 3917 873 3999 differat
890 3916 936 3993 ab
953 3916 1021 3989 illis
1037 3914 1169 3993 decimi
1186 3918 1284 3989 tertii
